4372 5678
572 349 693 526 „s
892 403 1391 508 nnttosonutn
1457 408 1866 544 nnuunants

351 589 406 660 θ’
429 585 558 660 Moror
574 626 623 689 ea
645 597 813 713 srmplex
828 598 912 694 ‚else
938 597 1136 692 soleat&
1157 597 1229 684 fibi
1247 598 1402 708 semper
1420 596 1611 686 consona.
1678 598 1878 688 Extensro
1896 627 2110 716 corporum

350 669 660 818 8’ω”ωῗιιοιι
678 709 750 799 nist
770 737 842 820 per
870 709 1006 794 sensus
1022 703 1246 794 innotescit
1268 765 1282 808 ,
1318 733 1397 794 nec
1414 713 1458 793 in
1482 707 1674 794 omnibus
1693 708 1864 797 sentitur
1886 744 1897 796 :
1933 711 2006 802 sed
2028 727 2110 830 quia

513 851 517 861 ·
577 819 829 912 seusrbilibtts
858 819 1049 905 omnibus
1069 818 1306 928 competit,
1355 822 1409 903 de
1437 819 1631 905 univerfis
1649 815 1904 923 affirmatur,
1933 824 2112 940 Corpora

570 936 690 1043 plura
715 933 818 1017 dura
843 927 926 1013 effe
945 927 1189 1037 experimur.
1243 925 1392 1015 Oritur
1421 949 1559 1014 autern
1585 929 1759 1016 durities
1778 931 1909 1018 totins
1927 961 1949 1018 a
1968 937 2110 1030 duritie

570 1045 776 1154 partium,
796 1039 950 1125 &inde
968 1063 1053 1144 non
1072 1037 1222 1122 horum
1246 1055 1407 1124 tanturn
1426 1063 1651 1144 corporum
1669 1061 1764 1149 quae
1785 1038 2032 1144 sentiuntur,
2045 1052 2107 1140 sed

472 1229 476 1238 .
571 1153 746 1239 aliorum
775 1149 900 1236 etiam
928 1149 1115 1233 omnium
1143 1144 1361 1256 particulas
1393 1146 1582 1231 indivisas
1603 1146 1683 1234 elle
1709 1154 1831 1234 duras
1853 1154 2001 1241 merito
2018 1185 2107 1246 con·

566 1258 786 1349 cludimus.
822 1257 1009 1368 Corpora
1028 1259 1167 1341 omnia
1185 1254 1512 1366 impenetrabilia
1534 1253 1614 1342 elle
1632 1282 1720 1343 non
1737 1259 1899 1346 ratione
1917 1268 1983 1349 led
2002 1265 2105 1358 sensu

416 1454 420 1460 .
568 1372 814 1482 colligimus.
866 1368 975 1480 Quae
995 1363 1213 1452 tradamus
1232 1423 1258 1463 ‚.
1281 1363 1606 1482 impenetrabilia
1632 1368 1934 1467 inveniuntur,
1962 1373 2005 1459 de
2025 1379 2104 1468 inde
2172 1423 2173 1506 p

566 1480 860 1567 concludimus
878 1475 1307 1587 impenetrabilitatem
1319 1472 1398 1560 elle
1407 1476 1703 1585 proprietatem
1715 1503 1942 1587 corporum
1956 1487 2101 1576 univer·

563 1588 718 1677 so'rutn.
773 1591 960 1694 Corpora
987 1586 1126 1672 omnia
1144 1583 1313 1671 mobilia
1341 1581 1445 1683 elle,
1469 1583 1511 1668 δι
1532 1584 1688 1671 viribus
1708 1586 1953 1697 quibusdam
1982 1595 2099 1707 (quas
2172 1679 2173 1712 p

516 1757 521 1766 -
564 1699 674 1785 vires
700 1695 861 1783 luertiae
885 1693 1122 1802 vocamus)
1169 1693 1426 1803 perseverare
1445 1695 1631 1780 in‘motu
1652 1697 1716 1780 vel
1736 1697 1905 1806 quiete,
1934 1727 1990 1801 ex
2012 1705 2100 1794 hisee

562 1801 994 1918 corporum'visorum
1033 1802 1353 1912 proprietatibus
1390 1804 1634 1915 colligimus.
1670 1803 1892 1910 Extensto,
1918 1813 2099 1918 durities,

561 1915 928 2028 impenetrabiliter
949 1972 963 2016 ,
1003 1913 1265 2012 mobilitas&
1287 1915 1345 1998 vis
1365 1913 1524 1998 inertiae
1545 1917 1672 1998 totius
1694 1972 1708 2014 ,
1747 1917 1884 2003 oritur
1898 1921 1951 2008 ab
1971 1949 2100 2014 exten·

565 2025 713 2125 lione,
752 2024 938 2122 duritie,
988 2021 1379 2135 impenetrabilitate
1400 2079 1414 2120 ,
1470 2023 1759 2112 mobilitate&
1781 2028 1934 2120 viribus
1955 2032 2098 2124 inertiae

395 2147 401 2157 '
498 2215 501 2222 Α
559 2137 768 2250 partium:
816 2133 978 2219 &inde
1004 2135 1291 2220 concludimus
1329 2156 1474 2218 omues
1514 2133 1701 2220 omniunt
1730 2139 1949 2247 corporum
1976 2167 2101 2254 partes

561 2244 753 2336 minimas
773 2243 943 2332 extendi
973 2240 1015 2328 &
1039 2245 1159 2328 duras
1180 2239 1259 2328 elle
1284 2240 1327 2325 δι
1349 2243 1680 2352 impenetrabiles
1702 2243 1745 2329 dr
1767 2247 1937 2335 mobiles
1956 2251 1997 2338 dr
2016 2261 2101 2344 viri·

561 2351 639 2441 bus
667 2353 819 2442 inertia
836 2353 1037 2463 praedtta's.
1092 2350 1149 2439 Et
1168 2351 1249 2436 hoc
1269 2349 1661 2438 estfundamentum
1681 2352 1952 2468 Philosophiae
1972 2367 2097 2452 totius.

479 2471 486 2482 '
562 2468 693 2550 Porro
712 2488 935 2572 corporum
954 2478 1088 2572 partes
1109 2460 1253 2546 divisas
1282 2460 1325 2545 δι
1353 2459 1425 2546 libi
1444 2481 1593 2548 mutuo
1621 2465 1839 2575 contiguas
1865 2468 2094 2562 abinvicem

485 2655 489 2664 .
560 2569 894 2682 separariposle.
944 2597 997 2656 ex
1025 2569 1313 2658 Phaenomenis
1346 2577 1570 2674 novimus,
1620 2571 1662 2656 dr
1691 2597 1826 2681 partes
1853 2578 2036 2669 indivisas
2059 2589 2095 2674 in

573 2677 697 2768 'artes
725 2683 906 2768 minores
935 2681 1096 2766 ratione
1114 2680 1309 2792 distingui
1340 2677 1453 2790 posse
1473 2706 1526 2767 ex
1545 2679 1844 2770 Mathematica
1862 2713 2020 2778 certum
2035 2694 2092 2780 esl.

610 2810 721 2879 trum
739 2817 840 2900 vero
858 2811 992 2899 partes
1019 2791 1098 2876 illae
1126 2788 1323 2876 dillinslae
1347 2789 1390 2875 de
1420 2795 1607 2881 noudum
1626 2790 1763 2878 divisae
1791 2820 1866 2904 per
1896 2800 2001 2888 vires
2019 2805 2094 2891 Na·

560 2919 666 2988 turae
682 2899 812 2989 dividi
836 2900 879 2985 dr
897 2898 948 2986 ab
967 2900 1145 2985 invicem
1163 2899 1337 3009 separari
1359 2896 1535 3008 pollint‚
1563 2903 1770 2988 incertum
1788 2901 1861 3022 eil
1918 2911 1972 2995 At
1993 2911 2093 3004 livet
2172 2933 2173 3004 l

559 3011 687 3097 ttnieo
718 3007 924 3097 constaret
943 3009 1231 3114 experimento
1250 3010 1366 3117 quod
1388 3008 1587 3116 particula
1608 3009 1743 3122 aliqua
1762 3013 1958 3111 indivisa.
1991 3020 2094 3108 stan.
2172 3088 2173 3110 p

556 3122 698 3232 gendo
727 3145 879 3229 corpus
898 3121 1051 3204 durum
1071 3117 1114 3202 &
1132 3117 1335 3216 solidum,
1365 3116 1607 3204 divisronem
1625 3141 1857 3230 pateretur:
1884 3129 2096 3218 conclude·
2172 3223 2173 3249 Ν

556 3255 695 3317 remus
719 3233 757 3315 vi
776 3227 898 3338 'hujus
922 3225 1097 3338 Regulae
1117 3285 1130 3326 ,
1160 3231 1275 3336 quod
1293 3251 1379 3311 non
1398 3224 1530 3314 solum
1549 3249 1685 3340 partes
1713 3231 1851 3318 divisae
1871 3235 2094 3346 separabiles
2172 3315 2173 3360 p

556 3335 710 3439 essent,
738 3340 809 3425 sed
831 3340 956 3425 eriam
988 3341 1101 3447 quod
1123 3337 1306 3423 indivisae
1329 3336 1373 3422 in
1392 3335 1600 3424 inlinitum
1619 3339 1746 3426 dividi
1768 3339 1944 3449 pollent.
1963 3334 1982 3360 “
2172 3415 2173 3452 p

608 3448 720 3537 Deui
754 3475 808 3534 ue
836 3447 864 3533 sr
885 3474 1058 3559 corpora
1092 3449 1231 3532 omnia
1249 3446 1292 3532 in
1311 3447 1492 3531 circuitu
1512 3447 1654 3533 Terre
1673 3457 1809 3560 gravia
1831 3451 1976 3545 etse-in
1993 3457 2093 3548 Ter·
2172 3455 2173 3488 ¹

550 3582 666 3658 ratu,
705 3475 751 3644 ig
784 3582 835 3642 ue
857 3583 933 3664 pro
954 3557 1186 3668 quantitate
1204 3555 1378 3642 materie
1396 3557 1439 3641 itt
1459 3555 1624 3668 srngulis
1645 3613 1660 3655 ‚
1686 3558 1729 3644 δι
1749 3559 1915 3650 Lunam
1936 3593 2093 3679 gratem
2172 3567 2173 3622 ἑ

551 3665 634 3752 esse
668 3669 712 3751 in
791 3691 922 3750 erratn
952 3691 1028 3770 pro
1068 3667 1301 3776 quantitate
1341 3666 1522 3751 materiae
1549 3665 1667 3766 suar,
1718 3667 1959 3762 &vicissim
1987 3705 2092 3768 mare

551 3771 735 3866 nostrum
795 3799 887 3862 rave
917 3773 996 3858 else
1023 3784 1063 3858 in
1089 3776 1278 3872 Lunam,
1309 3773 1352 3858 dr
1373 3775 1558 3861 Planetas
1577 3802 1722 3864 omnes
1739 3805 1884 3890 graves
1902 3785 1976 3872 else
1992 3791 2032 3872 iu
2051 3791 2092 3878 se

550 3905 725 3985 mutuo,
830 3888 1098 3969 cometarum
1118 3883 1288 3970 similem
1308 3881 1389 3968 else
1410 3889 1653 4080 {raritatem
1675 3951 1686 3980 .
1724 3915 1797 3998 per
1815 3898 2096 4000 experimenta

549 3993 594 4081 ἃ
615 3992 921 4081 observationes
947 3991 1249 4079 Astronomicas
1269 3994 1413 4080 univer
1451 3995 1544 4080 liter
1563 3994 1744 4091 constet:
1772 4000 1991 4090 dicendum
2014 4013 2096 4098 erit

599 4129 620 4190 r
648 4104 752 4189 hanc
780 4102 984 4214 Regulam
1025 4105 1141 4216 quod
1179 4129 1354 4213 corpora
1388 4103 1527 4189 omnia
1552 4104 1595 4189 in
1622 4105 1665 4192 se
1702 4130 1851 4194 mutuo
1877 4117 2099 4238 gratuitam.

547 4129 665 4300 biam
685 4212 728 4298 dc
751 4211 900 4298 sortius
919 4215 997 4297 erit
1016 4231 1304 4324 argumentum
1325 4240 1379 4298 ex
1399 4212 1687 4302 Phaenomenis
1714 4217 1768 4303 de
1785 4241 1986 4330 gravttate
2007 4231 2101 4316 uni·

546 4322 725 4423 versati,
764 4325 961 4432 quamde
987 4349 1212 4432 corporum
1242 4323 1654 4431 impenetrabilitate:
1679 4325 1752 4410 .de
1782 4333 2037 4444 quantique
2058 4341 2100 4426 iu

544 4431 788 4541 corporibus
807 4428 1058 4519 Coelestibus
1083 4433 1244 4522 trullum
1263 4431 1594 4544 experimentum
1613 4490 1629 4536 ,
1664 4436 1822 4524 nullam
1833 4443 2006 4552 prorsus
2026 4448 2101 4538 ob·

544 4535 816 4632 servationem
835 4539 1040 4632 babemus.

1736 4831 2104 4978 'nummo
