4408 5690
537 345 624 456 2⁶4·
769 399 775 410 -
831 309 1332 440 rutuosdvtttn
1385 341 1792 446 uaruuauts

312 545 374 620 Ὁ,
395 501 772 616 Mowaequilibtio
792 531 888 592 cum
908 507 1025 596 fluidi
1044 508 1226 619 partibus
1248 507 1545 606 constitutum,
1570 527 1764 620 urgetur;
1793 499 2086 612 &commeari

319 629 524 704 &aaaron
539 614 674 727 potest
698 643 799 702 cum
832 618 993 704 excessu
1020 624 1084 706 vel
1104 620 1270 706 defestu
1299 619 1493 733 ponderis
1513 620 1556 705 in
1578 622 1693 704 ianae
1710 619 1908 704 alterutra
1927 616 2060 702 libra„

604 729 729 810 Coros.
758 739 796 814 6.
834 725 1071 837 Corporum
1100 733 1227 842 igitur
1255 731 1297 816 in
1328 727 1467 816 fluidis
1493 725 1819 814 constitutorum·
1838 727 1999 834 duplex
2029 717 2091 808 ess

541 830 757 921 Gravitas:
785 837 911 924 altera
935 866 1027 924 vera
1050 839 1092 924 ἃ
1112 840 1321 936 absoluta,
1342 843 1466 924 altera
1488 861 1704 950 apparens,
1724 837 1899 948 vulgaris
1918 835 1960 922 dt
1974 860 2093 920 com·

538 947 733 1050 parativa.
779 945 970 1032 Gravitas
989 947 1172 1036 absoluta
1190 949 1249 1036 est
1268 950 1327 1038 vis
1345 968 1434 1034 tota
1454 959 1537 1058 qua
1554 971 1704 1055 corpus
1723 945 1909 1029 deorsum
1928 946 2089 1030 tendit:

542 1055 712 1140 relativa
742 1051 782 1140 dt
814 1060 987 1170 vulgaris
1016 1059 1073 1144 est
1101 1057 1283 1145 excessus
1303 1059 1511 1174 gravitatis
1531 1083 1617 1168 quo
1636 1079 1786 1162 corpur
1804 1054 1933 1166 magis
1951 1053 2090 1138 tendit

539 1166 735 1250 deorsum
766 1173 890 1278 quam
910 1163 1083 1253 fluidum
1114 1169 1311 1254 ambiens.
1358 1167 1511 1253 Priotis
1541 1165 1703 1279 generis
1723 1163 1936 1250 Gravitate
1951 1183 2091 1272 partes

546 1271 771 1362 fluidorum
800 1276 842 1364 a
872 1304 1092 1385 corporum
1119 1282 1305 1364 omniurn
1334 1279 1537 1390 gravitant
1566 1279 1608 1361 in
1627 1277 1728 1361 locis
1757 1273 1835 1360 suis
1857 1304 1867 1355 :
1889 1271 2092 1382 'ideoque

542 1383 778 1494 conjunsiis
797 1387 1051 1496 ponderibus
1068 1408 1327 1498 componunt
1348 1389 1510 1498 pondus
1534 1385 1675 1470 totius.
1700 1385 2092 1470 Namtotumomue
2186 1403 2187 1410 ‘

544 1506 671 1606 'grave
691 1494 775 1594 est,
804 1517 851 1579 ut
873 1495 1036 1582 invasas
1058 1500 1265 1608 liquorum
1287 1498 1416 1607 plenis
1434 1495 1611 1608 experiri
1629 1495 1752 1591 licem
1780 1492 2006 1604 &pondus
2028 1517 2090 1577 to·

539 1605 628 1688 tius
658 1606 817 1712 aequale
849 1605 906 1692 est
935 1609 1188 1714 ponderibus
1215 1608 1401 1693 omnium
1429 1607 1637 1716 partium,
1674 1606 1855 1714 ideoque
1874 1629 1927 1688 ex
1945 1603 2088 1687 iisdem

542 1715 827 1822 componitur.
889 1717 1071 1802 Alterius
1101 1719 1264 1829 generis
1283 1715 1501 1804 Gravitate
1520 1740 1694 1825 corpora
1717 1740 1801 1798 non
1822 1713 2027 1824 gravitant
2048 1713 2088 1798 iu

545 1821 650 1907 locis
669 1823 772 1919 suis,
801 1823 945 1920 idest,
972 1828 1079 1911 inter
1100 1833 1140 1913 se
1160 1829 1307 1912 collata
1330 1853 1416 1912 non
1437 1831 1716 1936 praegravant,
1744 1823 1814 1908 sed
1843 1845 2012 1907 mutuos
2037 1825 2086 1907 ad

547 1932 885 2018 descendendum
914 1959 1088 2020 conatus
1114 1937 1381 2046 impedientia
1409 1957 1651 2044 permanent
1674 1937 1715 2019 itt
1735 1933 1837 2017 locis
1863 1933 1971 2030 suis,
2000 1957 2088 2040 per·

542 2041 643 2154 inde
663 2069 710 2127 ac
739 2040 768 2128 st
794 2046 931 2156 gravia
957 2072 1050 2131 non·
1071 2045 1213 2133 essent.
1267 2046 1377 2162 Quae
1404 2047 1447 2132 in
1475 2047 1584 2130 Aere
1611 2043 1706 2129 sunt
1734 2043 1775 2127 δι
1803 2068 1889 2128 non
1916 2067 2089 2154 praegra-

447 2195 457 2270 χ
544 2169 679 2252 vant,
711 2154 857 2265 vulgus
885 2159 1021 2266 gravia
1057 2182 1145 2242 non
1178 2156 1347 2264 judicat.
1412 2161 1520 2268 Qtae
1544 2173 1800 2263 praegravant
1830 2155 1977 2264 vulgus
2005 2178 2088 2263 gra·

544 2265 611 2350 via
635 2264 793 2370 judicat
821 2323 834 2363 ,
874 2286 1078 2376 quatenus
1098 2267 1149 2352 ab
1174 2269 1290 2353 Aeris
1309 2271 1495 2377 pondere
1513 2289 1599 2350 non
1617 2262 1879 2348 sustinentur.
1933 2265 2088 2345 Ponde·

541 2395 593 2458 ¹ra
623 2375 735 2484 vulgi
763 2375 864 2459 nihil
892 2379 1000 2460 aliud
1037 2373 1130 2462 sunt
1190 2403 1283 2461 uam
1320 2371 1504 2463 excessus
1542 2399 1735 2458 verorum
1762 2373 1997 2482 ponderum
2029 2369 2088 2456 su·

543 2505 618 2592 pta
637 2489 798 2592 pondus
828 2487 959 2570 Aeris.
1014 2404 1211 2572 Undebt
1239 2487 1366 2600 vulgo
1392 2489 1590 2572 dicuntur
1617 2484 1748 2582 levia,
1777 2479 1991 2591 quaesunt
2019 2481 2089 2565 nti·
2153 2583 2158 2592 ,

548 2617 627 2679 nus
653 2597 811 2706 gravia,
827 2597 1009 2705 Aerique
1029 2598 1298 2707 praegravanti
1325 2599 1516 2681 cedendo
1545 2593 1753 2702 superiora
1772 2609 1934 2699 petunt.
1961 2587 2089 2676 Corn·

545 2707 727 2830 parative
755 2703 858 2788 levia
886 2703 1002 2803 sunt,
1035 2733 1119 2790 non
1148 2733 1267 2798 vete.
1298 2711 1393 2817 quia
1421 2703 1673 2790 descendunt
1699 2703 1745 2786 in
1772 2727 1915 2788 vacuo.
1964 2697 2088 2786 Sic&

547 2837 592 2898 tn
621 2817 775 2924 Aqua,
822 2839 1028 2922 corpora,
1070 2843 1165 2926 quae
1203 2815 1260 2902 ob
1294 2816 1492 2924 majorem
1532 2815 1593 2896 vel
1622 2813 1821 2896 minorem
1850 2811 2089 2922 gravitatem

545 2921 798 3009 descendunt
828 2925 893 3010 vel
920 2924 1170 3028 ascendunt,
1197 2925 1290 3012 sunt
1318 2921 1598 3034 comparative
1626 2919 1670 3006 dt
1698 2943 1939 3031 apparenter
1959 2921 2092 3033 gravia

548 3033 616 3116 vel
643 3034 781 3129 levia,
811 3025 852 3117 a
880 3061 1026 3118 eorum
1084 3037 1230 3120 ravitas
1258 3033 1322 3119 vei
1352 3035 1492 3120 levitas
1517 3032 1792 3140 comparativa
1820 3028 1864 3114 δι
1894 3051 2089 3225 aqparens

549 3138 610 3226 est
646 3139 838 3228 excessus·
865 3145 929 3230 vel
964 3143 1058 3230 dese
1103 3173 1150 3230 us
1187 3171 1274 3255 quo
1310 3170 1402 3229 vera
1440 3169 1586 3229 eorum
1624 3143 1798 3251 gravitas
1837 3141 1903 3226 ves
1952 3155 2091 3248 uperat

548 3253 792 3361 gravitatem
812 3279 930 3363 aquae
957 3257 1023 3341 vel
1050 3258 1100 3342 ab
1130 3283 1176 3341 ea
1203 3255 1427 3364 superatur.
1481 3258 1588 3365 Qtae
1608 3277 1707 3336 veto
1732 3277 1811 3337 nec
1838 3273 2092 3362 praegravan-

547 3365 608 3447 do
635 3363 914 3466 descendunt,
946 3391 1024 3450 nec
1044 3364 1520 3478 praegravanrtaadendo
1540 3361 1790 3458 ascendunt,
1816 3359 1970 3448 etiamsi
1986 3359 2092 3446 veris

542 3471 627 3558 'suis
656 3473 908 3584 ponderibus
936 3479 1163 3588 adaugeant
1192 3477 1354 3584 pondus
1382 3476 1541 3564 totius,
1580 3472 1860 3579 comparative
1885 3491 2024 3558 tamen
2051 3467 2094 3553 δι

544 3583 734 3667 insensu
764 3587 874 3694 vulgi
912 3611 997 3670 nort
1033 3587 1238 3698 gravitant
1275 3585 1319 3672 in
1358 3608 1474 3695 aqua.
1529 3579 1637 3669 Natu
1673 3580 1809 3668 similis
1847 3579 1906 3666 est
1941 3581 2093 3668 horum

548 3689 728 3777 Casuum
757 3693 1077 3782 Demonstratio.

548 3871 551 3878 .
599 3803 724 3886 coroa.
758 3835 793 3910 7.
830 3805 939 3918 Qua
978 3809 1032 3889 de
1060 3805 1262 3915 gravitate
1299 3797 1660 3904 demonstrantur,
1698 3800 1955 3888 obtinentin
2000 3795 2096 3884 aliis

546 3911 865 4028 quibuscunque
895 3915 1048 4000 viribus
1076 3915 1327 4023 centripetis.

599 4023 722 4108 Coros.
746 4033 781 4115 8.
813 4025 995 4113 Proinde
1019 4023 1046 4110 st
1070 4023 1288 4122 Medium,
1319 4023 1362 4109 in
1392 4049 1480 4134 quo
1509 4047 1659 4131 eorpus
1687 4023 2103 4135 aliquodmovetur,

546 4154 743 4248 urgeatur
772 4141 885 4224 vela
915 4145 1114 4250 gravitate
1138 4135 1334 4245 propria,
1375 4137 1438 4220 vel
1469 4133 1520 4220 ab
1548 4136 1620 4218 alsa
1647 4156 1898 4245 quacunque
1922 4129 1963 4215 vi
1993 4155 2105 4216 cen·

545 4250 720 4358 tripete,
752 4249 791 4332 de
817 4275 966 4356 corpus
984 4246 1035 4333 ab
1055 4248 1200 4342 eadent
1219 4245 1260 4328 vi
1283 4265 1476 4354 urgeatur
1496 4242 1667 4330 fortius:
1686 4239 1919 4328 differentia
1946 4239 2109 4326 vitium

546 4359 605 4444 est
624 4360 681 4443 vis
712 4357 775 4443 ilia
798 4363 973 4452 motrix,
1007 4381 1132 4470 quarn
1159 4358 1201 4442 in
1222 4353 1552 4465 precedentibus
1574 4351 1928 4458 Propositionibus
1944 4372 1994 4435 ut
2017 4353 2108 4436 vitn

549 4469 820 4576 centripetam
850 4466 1203 4553 constdetavimus.
1265 4460 1336 4550 Sin
1358 4487 1509 4572 corpus
1537 4463 1618 4548 avi
1639 4463 1705 4548 itta
1726 4483 1920 4576 urgeatur
1947 4461 2112 4556 levius,

546 4575 780 4666 differentia
806 4577 951 4662 virium
972 4585 1107 4684 provi
1130 4573 1365 4686 centrisuga
1386 4572 1525 4658 baberi
1545 4571 1683 4660 debet.

613 4687 736 4771 Coros.
766 4717 803 4798 9.
840 4689 950 4772 Cutn
982 4707 1119 4770 autern
1168 4684 1296 4770 fluida
1330 4689 1561 4794 premendo
1609 4707 1785 4791 corpora
1822 4679 1981 4768 inclusa
2027 4709 2120 4770 nou

546 4818 711 4892 mutent
748 4821 894 4885 eorum
926 4794 1094 4908 Figutas
1123 4817 1341 4898 externas,
1369 4813 1484 4908 patet
1517 4791 1704 4904 insuper,
1731 4819 1806 4905 per
1826 4791 2125 4990 Corolsalqiutn

829 4970 833 4979 -
1245 4951 1296 4962 ··
1642 4946 1647 4955 ·
2036 4935 2132 5022 top.
