4408 5690
6 1439 7 1454 '
130 1442 289 1530 Mediis
314 1469 493 1554 quorum
523 1444 584 1530 vis
610 1441 817 1530 reststeudi
844 1471 931 1532 noo
960 1445 1018 1533 est
1046 1465 1093 1532 ut
1120 1446 1320 1543 densitas,
1347 1451 1474 1534 debet
1502 1445 1680 1534 dealitas

384 415 777 512 rutttctl’ta
828 412 1406 522 MATHEMATICA.
1602 415 1700 537 2559*

684 673 727 710 '³
796 683 1001 782 Scholion.
1229 679 1231 684 ’
1677 604 1895 780 suctim.

185 891 404 982 Caeterum
429 889 519 981 hoo
559 892 792 1007 Propofitlo
828 895 872 986 δε
897 896 1162 1012 superiores,
1201 921 1296 1011 quo
1332 901 1383 990 ad
1413 896 1560 993 Medio
1585 904 1683 986 loo·

128 1006 311 1116 qualiter
347 1003 470 1091 deuia
506 1001 722 1111 speilaot,
760 1005 1042 1121 intelligendo
1077 1007 1173 1096 sunt
1209 1011 1263 1096 de
1300 1031 1421 1100 motu
1457 1025 1683 1120 corporum

127 1120 237 1202 odeo
265 1139 513 1226 parvorum,
543 1136 589 1198 ut
620 1113 757 1201 Medii
786 1143 839 1204 ex
864 1143 951 1206 uoo
981 1119 1169 1228 corporis
1193 1119 1322 1205 latere
1349 1121 1481 1232 major
1508 1115 1683 1208 deosrtrr

126 1251 257 1338 quam
296 1253 351 1312 ex
385 1226 517 1310 altero
546 1251 632 1308 non
660 1221 955 1314 confideranda
982 1230 1133 1312 veniat.
1197 1225 1481 1316 Resrstentiam
1508 1252 1682 1340 quoque

125 1335 293 1420 wcaeterit
317 1334 481 1445 paribus
517 1333 705 1420 densrtati
733 1339 1086 1444 proportionalem
1115 1333 1195 1422 elle
1221 1336 1420 1449 suppono.
1480 1341 1611 1426 Unde
1636 1339 1682 1425 itt

130 1580 189 1639 eo
218 1553 345 1664 usque
370 1554 510 1666 augeri
537 1557 603 1638 vel
631 1553 843 1657 diminui,
874 1577 921 1642 ut
947 1552 1181 1642 relistentiae
1209 1559 1272 1644 vel
1301 1560 1468 1645 tollatur
1495 1556 1679 1646 excelsus

127 1665 195 1761 tel
222 1661 408 1752 refertus
435 1664 681 1776 suppleatur.

214 1859 220 1864 ’
323 1925 756 2018 ruouostuto
803 1925 1373 2020 xv11.ruossuutta
1418 1925 1490 2022 tv.
1605 1921 1609 1930 ’

129 2135 343 2243 Invenire
368 2135 430 2246 ἐφ’
450 2139 551 2240 vim
576 2137 873 2280 centripetam
898 2133 960 2252 ie?
972 2135 1126 2238 Medii
1149 2133 1445 2270 resistentiam
1466 2171 1559 2270 qua
1581 2172 1679 2237 cor·

6 2321 7 2368 ι
185 2308 278 2420 pus
298 2279 349 2379 in
371 2277 483 2380 data
506 2275 710 2419 Spiroli‚
746 2276 858 2378 data
888 2274 1135 2377 velocitatis
1165 2275 1317 2412 Lege,
1331 2273 1505 2378 revolvi
1518 2273 1675 2420 potest.

171 2511 245 2598 Sit
273 2503 435 2622 spiraiis
464 2509 530 2596 ilia
558 2499 722 2628 PQRI
753 2507 820 2596 Ex
843 2501 1174 2622 velocitateque
1203 2533 1355 2616 corpus
1380 2505 1588 2616 percurrit
1614 2533 1680 2593 ar·

126 2647 224 2708 curn
254 2647 378 2732 quarn
408 2621 625 2705 minimum
655 2615 939 2738 ‘PQdabitur
959 2641 1144 2728 tempus,
1174 2618 1292 2704 &ex
1318 2617 1539 2707 altitudine
1568 2617 1679 2738 TQ

127 2759 222 2844 quae
241 2729 301 2818 eil
319 2753 364 2816 ut
385 2731 443 2816 vis
462 2733 693 2840 centripeta
710 2733 751 2818 δι
774 2733 1021 2841 quadratum
1042 2730 1263 2839 temporis,
1291 2725 1458 2814 dubitur
1479 2725 1553 2813 vis.
1591 2723 1676 2828 De·

127 2845 224 2948 iude
251 2867 305 2928 ert
334 2867 554 2939 arearum,
612 2839 838 2951 aequalibus
873 2861 1108 2951 temporum
1146 2839 1357 2950 particulis
1393 2833 1678 2925 coufeflarum

128 2949 332 3072 PSQ&
361 2949 445 3066 QS
454 2951 492 3032 R
501 3007 515 3047 ,
544 2946 779 3037 differentia
806 2949 890 3032 RS
895 2979 942 3049 r,
975 2950 1138 3035 dabitur
1164 2948 1350 3064 corporis
1376 2944 1680 3048 retardatio&

127 3087 176 3148 ex
202 3067 482 3150 retardatione
510 3059 746 3146 invenietur
772 3057 993 3146 refillentia
1019 3085 1066 3144 ac
1094 3059 1271 3145 densitas
1294 3055 1447 3144 Medii.

334 3301 770 3418 ruorosrrto
813 3300 982 3402 xvur
1015 3298 1401 3390 raouuuuta
1436 3297 1493 3391 v.

126 3544 258 3645 Data
293 3543 418 3679 Lege
449 3519 519 3646 or's
556 3543 848 3682 centripetae,
909 3536 1116 3639 invenire
1150 3535 1306 3638 Medii
1340 3531 1605 3664 densttatrm
1624 3531 1676 3638 ἑκ

6 3761 7 3826 3
192 3681 495 3822 locrsstngulr's
507 3763 523 3808 ,
560 3708 832 3821 qua'corpus
865 3677 1024 3780 dotem
1045 3674 1277 3817 Spiralem
1298 3671 1529 3798 describet.

178 3877 244 3970 Ex
270 3885 311 3970 ui
339 3885 569 3995 centripeta
598 3885 848 3971 invenienda
876 3881 936 3968 est
964 3880 1158 3967 velocitas
1184 3882 1226 3965 io
1255 3877 1358 3964 locis
1383 3875 1571 3988 lingulis.
1597 3874 1673 3962 tle·

125 3989 219 4078 inde
247 4019 302 4080 ex
329 3997 557 4082 velocitatis
596 3995 874 4082 retardatione
909 3993 1134 4103 quaereotla
1161 3988 1298 4076 Medii
1327 3979 1521 4074 deofitasr
1551 3983 1673 4074 utin

122 4099 410 4214 Propofitione
433 4106 654 4214 superiore.

176 4211 431 4300 Methodum
481 4241 582 4302 vero
629 4209 828 4300 trailandi
865 4207 955 4295 haec
992 4207 1254 4296 Problemata
1290 4206 1434 4312 aperui
1467 4204 1511 4292 iu
1549 4200 1671 4315 hujus

118 4317 406 4431 Proposrtione
425 4327 609 4422 decima,
636 4323 679 4410 &
699 4323 918 4408 Lemmrte
935 4317 1143 4418 semotior
1163 4319 1206 4405 δι
1227 4315 1449 4405 [εᾶοτεω
1467 4317 1511 4404 in
1530 4311 1667 4419 hujus·

115 4433 232 4518 modi
264 4435 472 4544 perplexis
504 4432 854 4546 disquisrtionibus
888 4431 1045 4516 diutius
1079 4430 1268 4517 detinere
1295 4427 1407 4514 nolo.
1461 4425 1668 4512 Addentla

113 4549 195 4646 jam
225 4543 320 4630 sunt
349 4547 480 4657 aliqua
519 4550 573 4631 de
608 4543 763 4630 viribus
797 4567 1023 4651 corporum
1050 4542 1101 4626 ad
1130 4538 1502 4652 progrediendum,
1529 4537 1583 4620 de
1615 4553 1672 4619 ue

111 4652 317 4740 densitate
342 4653 384 4740 &
413 4653 633 4742 refistentia
659 4654 899 4738 Mediorum
921 4707 934 4752 ,
960 4650 1184 4764 inquibus
1210 4669 1352 4738 motus
1374 4643 1571 4736 botlenus
1597 4667 1672 4750 ex·¹

110 4761 236 4876 politi
263 4765 309 4856 δι
337 4765 400 4854 luis
427 4763 570 4854 affines
598 4783 864 4880 peraguntur.

712 5055 746 5100 ,v
782 5001 860 5092 ltu
885 5029 963 5086 a.
1108 5050 1113 5067 =
1413 4981 1673 5086 sectio
