4432 5680
962 350 1509 454 EDITORIS

513 551 673 642 suarum
700 545 1018 636 fundamentum
1038 543 1260 634 desumunt
1282 543 1333 630 ab
1355 539 1699 658 Hypothelibus,
1738 531 1891 628 etiams
1909 543 2063 629 deinde

513 661 740 750 secundum
760 657 872 768 leges
891 655 1159 742 Mecbanicas
1177 651 1473 741 accuratiffime
1492 654 1743 764 procedant3
1764 649 1958 736 Fabulam
1971 657 2065 762 qui·

515 773 613 854 dem
627 767 874 894 ,elegantem
893 763 1001 852 sorte
1022 765 1066 852 δι
1086 763 1320 863 venustam,
1351 761 1548 850 Fabulam
1574 783 1713 847 tamen
1732 763 1983 846 concinnate
2002 762 2062 845 di·

195 947 300 1073 5312]
315 947 401 1106 (35,ss
414 949 444 1059 'e
514 873 845 1094 αιΙὶὶάειιίίιιιιιιιιξιὶιιιι
872 986 978 1072 adeo
996 983 1166 1073 tertium
1214 1009 1350 1082 enus,
1391 981 1465 1094 qui
1482 977 1786 1105 Philosophiam
1805 977 1960 1066 scilicet
1980 975 2063 1064 Ex·

198 1099 250 1114 '''
299 1101 304 1109 '
357 1099 362 1108 ’
427 1095 459 1114 ”
515 1094 830 1210 periinemalem
867 1093 1127 1204 profitentur.
1252 1093 1284 1193 i,
1304 1092 1493 1202 quidem,
1507 1117 1561 1176 ex
1591 1073 2069 1200 fimplicrffimissquibns

517 1193 699 1316 possunt)
718 1203 943 1314 principiis,
963 1231 1102 1291 rerum
1129 1205 1317 1288 omnium
1346 1200 1481 1286 causas
1508 1200 1751 1284 derivandas
1778 1195 1860 1281 else
1890 1203 2066 1284 volunt:

518 1313 622 1402 nibil
651 1328 791 1397 autem
818 1311 957 1398 Princi
987 1315 1013 1399 ii
1040 1316 1137 1400 loco
1155 1310 1385 1408 assumunt,
1416 1311 1533 1419 qnod
1551 1310 1738 1394 nondum
1757 1330 1808 1392 ex
1827 1307 2067 1394 Phaenome·

519 1423 584 1510 nis
602 1421 919 1530 comprobatum
945 1341 1082 1510 sinesin.
1117 1418 1383 1533 Hypotbeses
1402 1443 1486 1502 non
1505 1415 1898 1514 comminiscuntur,
1929 1439 2069 1610 ιιεὲιιε

520 1531 568 1619 in
586 1529 795 1641 Pbyficam
816 1530 1048 1642 recipiunt,
1077 1529 1150 1618 uifi
1178 1549 1226 1614 ut
1245 1526 1505 1642 Quaelliones
1523 1531 1578 1611 de
1597 1551 1771 1637 quarum
1794 1526 1967 1611 veritate
2014 1521 2066 1610 is·

520 1649 705 1754 putetur.
766 1639 935 1748 Duplici
962 1643 1104 1751 itaque
1135 1638 1348 1725 Methodo
1372 1637 1608 1736 incedunt,
1651 1635 1867 1746 Analytica
1893 1633 1936 1719 &
1966 1633 2072 1747 Syn·

524 1748 691 1836 thetica.
756 1748 925 1834 Naturae
944 1754 1052 1835 vires
1071 1749 1266 1860 legesque
1285 1748 1434 1832 virium
1458 1743 1720 1855 fimpliciores
1739 1769 1792 1827 ex
1810 1742 1964 1828 seleslis
1983 1743 2073 1854 qui·

523 1855 696 1944 busdam
713 1855 994 1943 Phaenomenis
1015 1883 1088 1968 per
1109 1856 1299 1970 Analysm
1316 1859 1557 1954 deducunt,
1588 1852 1813 2047 exiguibus
1833 1855 2071 1960 deindeper

524 1963 743 2079 Synthefin
763 1967 1019 2078 reliquorum
1047 1967 1387 2052 constitutionem
1408 1969 1588 2050 tradunt.
1694 1987 1751 2046 aec
1770 1961 1837 2046 illa
1855 1959 1912 2046 est
1932 1962 2073 2047 Philo·

524 2073 724 2184 sophandi
746 2077 852 2160 ratio
870 2075 994 2186 longe
1014 2076 1170 2186 optima
1192 2135 1206 2174 ,
1267 2101 1360 2160 uam
1379 2097 1462 2184 prae
1490 2072 1641 2158 ceteris
1661 2071 1812 2155 merito
1830 2068 2074 2180 amplesien·

527 2187 622 2274 dam
650 2183 810 2268 censuit
829 2183 1139 2271 Celeberrimus
1167 2101 1327 2270 Audon
1345 2183 1493 2269 noster·
1549 2180 1675 2266 Hanc
1694 2179 1819 2264 solam
1839 2180 1986 2290 utique
2007 2179 2070 2264 di·

528 2319 652 2406 gnam
677 2291 871 2399 judicavit
893 2351 907 2388 ,
946 2295 989 2378 in
1011 2321 1092 2404 qua
1119 2297 1349 2379 excolenda
1376 2313 1503 2401 atque
1521 2293 1757 2376 adornanda
1776 2313 1941 2396 operam
1961 2289 2076 2374 suam

530 2399 767 2488 collocaret.
824 2399 965 2508 Hujus
990 2403 1117 2512 igitur
1135 2401 1438 2488 illustriffimum
1458 2401 1573 2484 dedit
1595 2400 1866 2506 Exemplum,
1896 2397 2075 2482 Munda·

531 2509 576 2598 tti
605 2531 756 2615 nempe
772 2503 1006 2618 Systematis
1024 2509 1341 2616 explicationem
1362 2509 1589 2593 eTbeoria
1611 2507 1832 2592 Gravitatis
1849 2505 2077 2592 felicissime

532 2613 765 2706 dedusiam.
819 2615 1046 2701 Gravitatis
1074 2618 1271 2700 virtutem
1301 2617 1496 2700 universis
1514 2613 1758 2723 corporibus
1776 2613 1926 2714 inesse,
1953 2615 2078 2725 suspi-

535 2732 618 2814 cati
646 2725 740 2809 sunt
759 2725 825 2809 vel
842 2724 1050 2812 finxerunt
1070 2726 1135 2809 alii
1154 2753 1164 2809 :
1194 2726 1347 2831 primus
1366 2723 1438 2809 llle
1456 2721 1500 2807 dt
1526 2723 1634 2808 solus
1653 2749 1707 2808 ex
1727 2728 1764 2808 A
1797 2727 1990 2833 parentiis
2008 2731 2089 2810 do.

534 2835 944 3032 tsnonstrarepotuit,
992 2835 1033 2920 dt
1061 2834 1407 2945 speculationibus
1434 2833 1609 2944 egregiis
1629 2833 1733 2918 firmi
1771 2857 1899 2918 rmum
1919 2861 2079 2946 ponere

556 2949 868 3031 undamentum.

592 3053 691 3139 Scio
710 3055 906 3164 equidem
925 3053 1146 3140 nonnullos
1164 3055 1300 3165 magni
1319 3053 1441 3140 etiam
1460 3055 1638 3141 nominis
1655 3049 1804 3148 Viros,
1832 3053 2081 3164 praejudiciis

537 3161 783 3275 quibusdam
801 3165 892 3273 plus
911 3187 1034 3276 aequo
1048 3185 1273 3272 occupatos
1294 3222 1308 3261 ‚
1346 3165 1442 3248 huic
1465 3191 1578 3250 novo
1594 3163 1806 3272 Principio
1824 3189 1933 3276 aegre
1951 3159 2082 3249 allen·
2105 3253 2112 3272 ,

538 3274 608 3358 tiri
629 3267 827 3380 potuille,
857 3273 899 3356 δι
917 3273 1040 3357 certis
1058 3273 1215 3357 incerta
1233 3274 1459 3358 identidem
1479 3268 1706 3381 praetulisse.
1741 3271 1910 3358 Horum
1930 3271 2080 3358 samam

538 3383 729 3469 vellicare
749 3407 834 3466 non
855 3381 914 3466 est
931 3383 1112 3466 animus:
1141 3381 1238 3466 Tibi
1259 3383 1396 3492 potius
1410 3443 1422 3482 ,
1436 3379 1835 3480 BenevoleLesior,
1856 3383 1922 3466 illa
1942 3383 2083 3489 paucis

541 3517 592 3578 ex
622 3517 751 3574 onere
769 3491 910 3587 lubet,
930 3515 983 3572 ex
1000 3491 1150 3597 quibus
1166 3489 1284 3576 Tute
1303 3493 1385 3598 ipse
1401 3493 1604 3598 judicium
1627 3515 1711 3574 non
1728 3491 1918 3600 iniquum
1937 3489 2057 3575 seras.

595 3517 725 3706 igitur
751 3617 799 3678 ut
819 3599 1064 3704 Argumenti
1083 3598 1263 3682 sumatur
1282 3601 1500 3681 exordium
1519 3629 1541 3681 a
1571 3598 1863 3708 umpliciffimis
1883 3599 1924 3683 dt
1974 3598 2087 3684 roxi·

542 3703 620 3794 tuis
641 3739 654 3801 ι
682 3703 949 3812 despiciamus
967 3703 1166 3812 paulisper
1184 3705 1313 3815 qualis
1333 3705 1379 3790 fit
1407 3707 1449 3788 in
1469 3705 1752 3792 Terrellribus
1774 3731 1917 3792 natura
1979 3709 2086 3794 ravi·

541 3811 660 3906 tatis,
690 3831 736 3895 ut
756 3813 907 3897 deinde
933 3813 1062 3896 tutius
1080 3814 1390 3923 progrediamur
1407 3813 1479 3898 ubi
1497 3815 1547 3897 ad
1568 3841 1742 3924 corpora
1760 3813 1953 3902 Caelestia
1967 3819 2086 3914 ,lon-

533 3919 704 4052 .giffime
722 3949 744 4005 a
761 3921 923 4006 sedibus
942 3917 1086 4006 nostris
1105 3943 1291 4020 remota,
1322 3924 1718 4032 perventumsuerit.
1772 3925 1984 4011 Convenit
2000 3925 2085 4033 jam

546 4051 656 4119 tnter
685 4055 828 4114 omnes
847 4029 1115 4137 Philosophus
1134 4089 1148 4128 ,
1177 4055 1351 4142 corpora
1369 4031 1555 4116 universa
1574 4031 1936 4118 circumterreslria
1955 4035 2090 4144 gravi·

548 4159 635 4226 tare
661 4139 705 4223 in
723 4137 914 4223 Terram.
958 4139 1080 4226 Nulla
1099 4141 1185 4224 dari
1203 4167 1379 4250 corpora
1398 4165 1494 4224 vere
1513 4141 1616 4224 levia
1636 4197 1649 4238 ,
1678 4144 1916 4246 jamdudum
1937 4142 2091 4228 confir·

547 4241 676 4336 mavit
703 4245 969 4356 Experientia
994 4247 1223 4358 multiplex.
1278 4249 1387 4362 Quae
1415 4249 1568 4334 dicitur
1586 4249 1753 4334 Levites
1781 4251 1972 4348 relativa,
2001 4277 2091 4338 non

548 4357 610 4444 cll
628 4381 721 4444 vera
742 4355 933 4450 leuitas,
960 4356 1029 4442 sed
1047 4382 1241 4467 apparens
1258 4357 1542 4446 solummodo:
1566 4357 1608 4443 δι
1628 4360 1760 4445 oritur
1779 4387 1801 4444 a
1817 4361 2090 4471 praepollente

446 4505 457 4516 ·
550 4463 766 4552 Gravitate
786 4489 1010 4574 corporum
1027 4473 1332 4576 contiguorum.
1686 4475 1693 4486 '

607 4573 761 4672 Porro,
782 4593 830 4658 ut
849 4599 1024 4682 corpora
1040 4573 1227 4661 universa
1245 4577 1444 4686 gravitant
1462 4578 1505 4662 itt
1522 4575 1724 4677 Terram,
1753 4578 1809 4664 ita
1827 4579 1958 4665 Terra
1976 4575 2095 4664 vicis·
2210 4619 2211 4629 ι

551 4681 624 4770 nm
652 4681 697 4766 in
723 4707 895 4790 corpora
924 4684 1136 4794 aqualiter
1162 4687 1368 4794 graviora
1405 4685 1630 4772 Gravitatis
1655 4689 1769 4772 enim
1788 4685 1990 4774 adiuuem
2010 4685 2093 4776 else

481 4869 485 4880 .
544 4813 734 4882 mutuant
752 4789 793 4878 δι
814 4792 1012 4906 utrinque
1031 4794 1257 4904 aqualem,
1276 4793 1329 4882 fic
1348 4791 1589 4884 ostenditur.
1641 4795 1925 4911 Dillluguatun
1942 4797 2093 4885 Terre

1962 4907 2096 4998 totius
