4432 5680
1014 416 1610 520 ,cottonis

535 637 633 702 cum
660 613 814 700 nonam
839 614 926 722 e'Jus
953 610 1575 713 sensioilemimminutiouem,
1603 613 1670 699 vel
1686 611 1730 698 in
1748 611 1943 702 altiffimis
1962 638 2082 702 mon·
2209 655 2210 664 Ν

537 724 644 809 tium
663 724 949 809 cacuminibus
971 782 984 820 ,
1013 724 1229 809 observare
1255 727 1363 810 licet.
1401 723 1592 810 Gravitat
1610 723 1751 833 itaque
1769 725 1891 810 Luna
1907 728 1952 810 in
1970 724 2082 810 Ter·
2209 745 2210 796 r

535 857 654 919 ram:
693 838 795 946 quin
816 831 858 918 dr
877 829 1037 917 actione
1066 855 1240 927 mutua,
1275 833 1409 920 Terra
1438 831 1609 920 viciffim
1628 834 1672 916 in
1689 833 1852 920 Lunam
1871 835 2084 945 aequalitct
2209 875 2210 928 r

538 944 737 1052 gravitate
767 944 808 1027 id
830 946 944 1052 qvod
971 942 1136 1028 abunde
1161 946 1332 1054 quidem
1352 945 1619 1028 confirmatur
1637 941 1680 1026 in
1702 944 1776 1027 hac
1799 943 2082 1052 Philosophia',
2209 1009 2210 1024 ,

538 1050 613 1136 ubi
630 1053 764 1162 agitur
792 1054 845 1134 dc
865 1049 993 1136 Maris
1019 1051 1114 1138 aestu
1135 1052 1175 1136 &
1196 1051 1563 1163 AEquinosiiorum
1581 1050 1870 1160 praeeffione,
1890 1053 1941 1138 ab
1959 1049 2086 1137 astio-
2209 1045 2210 1088 ³

539 1185 594 1248 ue
612 1183 703 1246 tum
728 1161 863 1246 Lunae
881 1181 970 1246 tum
990 1159 1095 1246 Solis
1112 1164 1155 1246 in
1165 1160 1341 1246 Terram
1360 1162 1557 1247 oriundis.
1595 1158 1711 1245 Hinc
1732 1161 1774 1246 &
1792 1163 1894 1247 illud
1914 1166 2083 1247 tandem
2209 1165 2210 1176 '

540 1273 794 1369 edocemur,
824 1297 905 1462 gua
926 1271 1118 1355 nimirum
1138 1274 1229 1381 lege
1248 1270 1310 1355 vis
1326 1270 1551 1356 Gravitatis
1570 1270 1779 1356 decrescat
1799 1272 1842 1355 in
1862 1271 2086 1356 ma'oribus
2209 1287 2210 1304 ¹

541 1407 565 1464 a
584 1379 758 1464 Tellure
783 1383 844 1464 dil
862 1378 992 1465 antiis.
1047 1381 1153 1465 Nam
1180 1405 1275 1463 curn
1298 1377 1488 1464 Gravitas
1506 1405 1593 1464 non
1622 1381 1777 1464 diversa
1806 1379 1852 1464 sit
1871 1409 1893 1464 a
1913 1299 1969 1468 sii
1988 1405 2087 1464 cen·

542 1491 691 1600 tripete
714 1489 903 1584 Lunari,
941 1489 1028 1572 haec
1051 1515 1147 1573 vero
1166 1487 1211 1572 fit
1231 1491 1444 1598 reciproce
1461 1489 1778 1596 proportionalis
1798 1491 2003 1599 quadrato
2022 1491 2086 1576 di·

542 1598 724 1695 siantiae3
755 1595 1074 1682 diminuetur&
1087 1599 1281 1684 Gravitas
1298 1600 1340 1683 in
1361 1601 1507 1683 eadem
1527 1598 1698 1682 ratione.

607 1707 924 1818 Progrediamur
950 1714 1033 1812 jam
1062 1709 1111 1792 ad
1142 1707 1328 1792 Planetas
1365 1709 1563 1818 reliquos,
1624 1708 1835 1819 Quoniam
1862 1708 2087 1794 revolutio·

543 1843 617 1904 aes
651 1817 936 1926 primariorum
974 1819 1083 1901 circa
1111 1816 1250 1902 Solem
1279 1817 1323 1902 δι
1358 1816 1695 1904 secundariorum
1733 1820 1842 1903 circa
1873 1818 2023 1922 jovem
2043 1819 2087 1902 dr

543 1927 766 2014 Saturnum
805 1925 898 2011 sunt
928 1924 1205 2014 Phaenomena
1234 1927 1396 2037 generis
1422 1926 1602 2033 ejusdem
1641 1953 1689 2010 ac
1718 1930 1925 2012 revolutio
1952 1928 2090 2014 Lunae

536 2039 653 2146 ‚circa
679 2035 888 2127 Terram,
923 2035 1121 2144 quoniam
1140 2035 1265 2144 por'ro
1292 2035 1617 2121 demonstratum
1644 2033 1701 2118 est
1722 2038 1825 2121 vires
1843 2039 2092 2148 centripetas

544 2148 830 2258 primariorum
864 2145 985 2253 dirigi
1013 2143 1152 2228 versus
1189 2167 1382 2230 centrum
1410 2146 1544 2238 Solis,
1590 2143 1925 2231 secundariorum
1954 2145 2094 2232 versus

545 2261 689 2342 centra
703 2255 817 2363 Jovis
837 2253 879 2339 δι
898 2253 1085 2351 Saturni,
1105 2257 1457 2364 quemadmodum
1476 2254 1611 2338 Lunae
1631 2255 1691 2338 vis
1708 2257 1939 2362 centripeta
1955 2257 2095 2342 versus

546 2363 694 2448 Terrae
715 2385 905 2448 centrum
932 2364 1124 2470 dirigitur
1143 2398 1155 2459 r
1187 2364 1327 2450 adhaec
1352 2422 1364 2462 ,
1401 2367 1601 2476 quoniam
1620 2389 1763 2448 omnes
1781 2366 1861 2450 illa
1882 2366 1985 2450 vires
2000 2364 2094 2450 sunt

546 2472 762 2579 reciproce
789 2491 836 2553 ut
858 2475 1061 2578 quadrata
1087 2469 1369 2556 distantiarum
1385 2501 1409 2557 a
1428 2474 1614 2569 centris,
1661 2477 2014 2581 quemadmodum
2032 2475 2097 2559 vis

550 2583 675 2666 Lunae
691 2577 750 2664 est
768 2600 815 2664 ut
834 2580 1081 2688 quadratum
1100 2575 1299 2662 distantiae
1317 2607 1339 2663 a
1357 2577 1512 2665 Terra:
1544 2584 1880 2668 concludendum
1902 2587 1979 2668 erit
2001 2611 2096 2672 ean·

549 2694 647 2776 dem
673 2685 754 2774 esse
782 2707 969 2773 naturam
999 2684 1204 2772 universrs.
1258 2686 1398 2798 ltaque
1424 2709 1471 2774 ut
1498 2689 1621 2774 Luna
1648 2693 1820 2798 gravitat
1838 2693 1882 2776 in
1901 2692 2095 2790 Terram,

549 2799 595 2886 δι
623 2796 759 2884 Terra
785 2794 955 2882 vicissim
985 2797 1027 2880 in
1056 2795 1252 2893 Lunamr
1281 2795 1335 2882 src
1362 2799 1486 2884 etiam
1544 2799 1776 2884 ravitabunt
1793 2802 2100 2892 omnessecuu-

551 2909 653 2995 darii
669 2908 715 2993 in
731 2906 945 3017 primarios
972 2904 1065 2989 suos
1085 2963 1098 3003 ,
1136 2905 1179 2990 δι
1199 2906 1379 3014 primarii
1399 2908 1478 2992 vici
1514 2935 1569 2994 rm
1598 2907 1640 2992 in
1658 2907 1949 3010 secundatione
1980 2913 2034 3000 sic
2053 2913 2098 3000 dr

551 3043 698 3107 omnes
712 3017 894 3128 primarii
910 3016 954 3100 in
973 3013 1134 3108 Solem,
1162 3013 1205 3102 δι
1226 3012 1295 3101 Sol
1313 3017 1478 3104 viciffim
1499 3019 1543 3101 in
1561 3017 1786 3127 primarios.

606 3127 735 3239 Igitur
763 3125 833 3212 Sol
862 3125 904 3210 in
933 3126 1118 3210 Planctus
1149 3123 1355 3212 universos
1391 3127 1566 3236 graviter
1600 3123 1642 3208 δι
1673 3127 1849 3216 universi
1876 3131 1920 3216 in
1946 3132 2100 3222 Solem.

550 3239 659 3327 Nam
676 3235 899 3324 secundarii
927 3239 1028 3319 dum
1056 3235 1268 3342 primarios
1293 3234 1387 3320 suos
1414 3237 1697 3329 comitantur,
1734 3240 2006 3326 revolvuntur
2033 3245 2099 3328 in.

552 3367 666 3434 terea
684 3349 844 3433 circum
861 3341 1001 3430 Solem
1020 3369 1099 3429 una
1117 3369 1214 3430 cum
1233 3343 1443 3452 primariis.
1486 3343 1648 3431 Eodem
1666 3343 1808 3454 itaque
1826 3364 2099 3461 argumento.

428 3559 432 3566 ¹
552 3457 765 3569 utriusque
792 3455 953 3566 generis
971 3452 1144 3540 Plaoeta
1161 3455 1366 3565 gravitant
1382 3454 1426 3538 in
1446 3451 1610 3553 Solem,
1641 3453 1682 3538 dr
1705 3453 1775 3541 Sol
1793 3456 1837 3540 in
1856 3459 1971 3566 ipsos.
2026 3459 2101 3546 Se-

552 3567 774 3653 cundarios
802 3589 902 3645 vero
921 3563 1108 3644 Planetas
1134 3565 1177 3644 in
1207 3560 1346 3646 Solem
1373 3571 1574 3672 gravitare
1611 3564 1776 3648 abunde
1808 3566 1970 3675 insuper
1998 3597 2101 3656 con·

554 3673 631 3762 siat
658 3697 712 3758 err
736 3667 1082 3780 inequalitatibns
1101 3668 1367 3763 Lunaribusr
1398 3695 1573 3780 quarum
1599 3673 1935 3763 accuratiffimam
1953 3679 2103 3766 Tlreo·

555 3785 683 3881 nam,
705 3780 940 3867 admiranda
957 3777 1174 3888 sagacitate
1192 3773 1458 3888 patefaciam,
1478 3783 1522 3865 in
1540 3779 1666 3868 tertio
1684 3779 1804 3890 hujus
1822 3785 1972 3896 Operis
1989 3793 2101 3876 libro

553 3889 777 4002 expositam
804 3888 1011 3974 habemus.

612 3999 718 4090 Solis
746 4001 941 4086 virtutem
979 3997 1231 4085 attraslivam
1298 4000 1604 4112 uoquoversum
1631 4008 1844 4118 propagari
1880 4009 1931 4094 ad
1954 4009 2103 4122 ingen·

413 4107 417 4116 ’
558 4135 622 4202 tes
648 4111 778 4222 usquc
805 4108 1032 4202 distantias,
1063 4109 1105 4194 δι
1133 4108 1215 4195 sese
1234 4111 1273 4196 di
1310 4113 1466 4197 undere
1484 4117 1535 4196 ad
1554 4109 1725 4226 singulas
1742 4116 1995 4223 circumjcsii
2012 4119 2103 4229 spa·

559 4225 608 4312 tii
626 4240 790 4334 partes,
831 4215 1079 4326 apertissrme
1098 4217 1237 4330 colligi
1257 4217 1391 4328 potest
1417 4245 1470 4306 ex
1488 4239 1607 4306 motu
1627 4223 1924 4324 Cometarumr
1952 4233 2026 4338 qui
2046 4231 2100 4314 ab

558 4325 765 4424 immensu
791 4326 1011 4412 intervallis
1028 4325 1202 4435 professi
1227 4326 1418 4414 feruntur
1439 4330 1481 4414 in
1510 4329 1704 4418 viciniam
1730 4333 1836 4419 Solis
1857 4393 1871 4432 ,
1921 4337 1963 4422 δι
1992 4361 2104 4424 nort·

560 4468 646 4532 nun
678 4464 771 4526 uam
799 4439 904 4522 adeo
933 4438 983 4519 ad
1010 4437 1140 4544 ipsum
1169 4438 1356 4545 proxime
1383 4443 1589 4526 accedunt
1617 4463 1663 4526 ut
1692 4441 1878 4528 Globum
1898 4455 2019 4548 ejus,
2054 4449 2102 4535 in

561 4470 775 4642 Periireliis
800 4545 881 4632 suis
902 4544 1105 4632 versantes
1124 4605 1138 4644 ,
1168 4567 1330 4634 tantum
1351 4573 1438 4634 oon
1454 4549 1701 4656 contingere
1721 4554 1950 4642 videantur.
2003 4554 2105 4644 Ho-

562 4685 657 4750 rum
684 4657 913 4744 Theoriam
942 4653 993 4739 ab
1025 4653 1280 4742 Astronomis
1317 4657 1489 4744 antehac
1518 4656 1663 4744 frustra
1689 4658 1922 4770 questam,
1958 4663 2103 4754 nostro

564 4769 733 4858 taudem
766 4767 917 4852 seculo
953 4761 1130 4850 feliciter
1165 4765 1375 4852 inventam
1406 4765 1448 4850 dr
1484 4793 1557 4874 per
1585 4767 1901 4858 Observationes
1928 4773 2103 4862 certissi-

554 4905 623 4998 me
641 4871 985 4974 demonstratam,
1017 4872 1344 4964 Prestautiffimo
1371 4873 1511 4966 nostro
1536 4875 1710 4966 Audori
1729 4881 1939 4974 debemus.
1979 4884 2103 4974 Patet

1968 4993 2102 5105 igitur
