4454 5660
451 299 1418 450 rnrncrrrnmnrnnmn‘rrcn.
1575 369 1658 476 46,

167 504 308 621 planis
326 495 502 588 Orbium
511 491 863 610 Cometarumper
882 493 1019 586 Solem
1038 492 1332 590 transetmtlbus
1350 501 1559 612 jacentes,
1587 503 1659 588 de·
1703 517 1811 594 rnna,

169 622 295 708 :viant
313 614 362 699 ab
389 609 649 726 oppofitione
674 607 780 730 Solis·
803 613 933 699 ineas
948 617 1107 726 semper
1163 635 1289 717 artes,
1329 643 1428 731 quas
1459 619 1589 730 capita
1619 595 1822 703 inT¹³³²⁰⁵³

171 731 363 820 ,Orbibus
386 728 464 858 illis
491 723 795 839 progredientia
821 731 1068 862 relinquunt.
1118 642 1266 844 'guod‘
1286 727 1500 846 spetiatoti
1528 734 1571 818 in
1603 731 1666 820 his
1717 779 1721 786 ·

171 847 310 960 planis
324 840 547 929 conlbtuto
567 859 759 954 apparent
776 841 819 928 in
849 842 1029 957 partibus
1050 873 1074 930 a
1096 841 1191 931 Sole
1219 843 1373 932 diresle
1394 845 1561 944 sverin,-
1603 847 1666 930 di-

169 959 400 1071 „grediente
418 974 554 1041 autem
573 952 795 1068 speslatore
832 959 886 1044 de
911 956 973 1044 lri's
996 959 1143 1072 planis,
1169 953 1348 1046 deviatio
1367 961 1557 1072 paulatim
1576 959 1665 1046 sen-

173 1077 309 1170 titur,
356 1069 400 1155 dr
424 1069 556 1154 indies
573 1087 738 1183 apparet
756 1069 895 1180 major.
972 1073 1102 1184 Quod
1129 1073 1309 1158 deviatio
1329 1076 1486 1160 caeteris
1505 1075 1667 1186 paribus

186 1187 320 1273 minor
346 1183 404 1269 est
426 1183 498 1268 ubi
524 1184 658 1269 cauda*
677 1181 881 1301 obliquior
902 1184 1029 1272 estad
1048 1185 1207 1273 Orbem
1233 1188 1447 1285 Cometen,
1472 1207 1519 1272 ut
1536 1187 1663 1274 &ubi

171 1319 313 1411 caput
324 1297 514 1384 Cometae
531 1297 584 1381 ad
611 1294 748 1384 Solem
771 1301 1142 1414 propiusaccedita
1167 1301 1393 1412 praesertim
1411 1300 1441 1384 sr
1458 1295 1661 1414 spedetur

171 1411 426 1500 ‚deviationis
447 1412 611 1521 angulus
638 1409 753 1519 juxta
772 1433 897 1526 caput
912 1413 1113 1500 Cometae.
1172 1415 1374 1500 Praeterea
1392 1415 1659 1529 quodcaudoe

170 1551 270 1614 ,non
286 1526 495 1612 deviantes
502 1547 695 1638 apparent
713 1521 1224 1628 restae,devtantesautem
1240 1529 1518 1632 incurvantur.
1529 1528 1668 1642 Quod

184 1646 400 1726 curvatura
417 1636 547 1748 major
559 1637 619 1724 est
636 1639 708 1726 ubi
727 1640 855 1748 major
872 1639 930 1727 est
947 1643 1150 1740 deviatio,
1169 1641 1364 1754 &magis
1383 1641 1570 1728 sensibilis
1589 1643 1663 1729 ubi

167 1753 321 1840 cauda.
331 1753 491 1838 ceteris
509 1753 669 1863 paribus
687 1753 851 1863 longior
865 1753 925 1840 eli
945 1783 957 1838 ε
995 1771 1090 1840 nam
1115 1758 1160 1839 in
1178 1755 1432 1841 brevionbus
1449 1777 1665 1841 curvatura

146 1965 150 1971 ⁴
184 1879 292 1978 oe‘gre
309 1865 657 1954 animadvertitur.
716 1865 847 1980 Quod
865 1868 1106 1956 deviationis
1124 1869 1291 1980 angulus
1320 1871 1459 1958 nrinor
1477 1866 1536 1954 est
1550 1868 1665 1976 iuxta

181 2001 305 2093 caput
319 1979 533 2077 Comere,
561 1978 688 2090 major
701 1978 816 2089 juxta
834 1983 975 2068 cmdae
993 1983 1306 2070 extremitatem
1325 1983 1513 2081 alteram,
1536 2001 1663 2100 atque

178 2095 290 2182 adeo
308 2095 424 2226 quod
444 2093 572 2180 cauda
605 2121 800 2182 convexo
822 2097 885 2183 sul
900 2098 1026 2184 latare
1054 2093 1204 2212 partes'
1217 2097 1378 2210 respicit
1398 2123 1420 2180 a
1438 2093 1589 2211 quibus·
1611 2090 1659 2182 lit

169 2209 386 2311 ‚deviano·,
411 2209 649 2321 qunquein
668 2205 778 2294 resia
797 2209 890 2296 sunt
905 2213 1009 2298 linea
1028 2239 1052 2295 a
1069 2209 1163 2296 Sole
1179 2237 1254 2324 per
1265 2208 1392 2322 'caput
1410 2207 1599 2296 Cometae
1617 2210 1678 2298 in*

181 2321 387 2410 infinintm
405 2315 537 2410 dueta
592 2319 650 2406 Et
667 2324 782 2436 quod
801 2325 945 2410 caude
963 2349 1057 2440 quae
1072 2325 1323 2440 prolixiores
1332 2323 1662 2422 suntselatiores,

184 2436 228 2524 &
248 2437 341 2522 luce
375 2435 585 2565 vegetiore
609 2436 783 2533 micant,
817 2436 897 2524 sint-
912 2439 964 2524 ad
978 2441 1322 2556 ·latera.uonsex'a
1347 2439 1468 2551 paulo
1485 2437 1661 2548 splendi-

183 2552 321 2640 diores
346 2546 389 2636 dr
413 2547 543 2634 limite
568 2550 702 2634 minus
722 2547 960 2638 indillintlo
983 2549 1211 2639 terminate
1234 2577 1357 2668 quam
1389 2549 1442 2638 ad
1467 2567 1661 2638 concam.

166 2660 1146 2774 .Pende1itigiturPhaenornenacaudaeamour
1165 2663 1334 2778 capitis,
1354 2685 1439 2750 non
1458 2683 1596 2752 autern
1634 2687 1657 2748 a

258 2781 351 2866 'one
369 2777 469 2862 coen
486 2777 530 2862 in
577 2803 628 2862 ua
646 2796 770 2891 caput
786 2779 1058 2894 conspiciunt
1077 2775 1131 2864 v&
1148 2777 1658 2892 proptereanonfiuntper

176 2921 207 2980 r
329 2892 469 2980 'onem
497 2803 726 2990 nodorum,
759 2888 832 2979 sed
858 2896 1032 3009 acapite
1049 2893 1558 3008 suppeditantemateriam
1576 2892 1660 2976 ori-

182 3025 317 3094 untur.
374 2999 542 3128 Etenim
554 3024 606 3095 nt
632 3005 677 3090 in
702 3007 814 3091 Aere
837 3007 977 3092 nostro
1001 3007 1136 3090 smnus
1149 3009 1335 3116 corporis
1351 3004 1524 3120 cujusvis
1538 3007 1659 3199 ipniti

171 3121 286 3232 petit
318 3116 546 3225 superiora,
578 3115 706 3226 idque
729 3117 794 3198 vel
818 3115 1205 3226 perpendiculariter
1230 3115 1259 3218 sr
1282 3139 1439 3226 corpus
1459 3117 1555 3228 quie
1572 3137 1658 3215 cat,

168 3235 256 3338 ,vel
266 3227 431 3341 oblique
451 3223 482 3313 sr
501 3252 648 3339 corpus
665 3247 878 3313 moveator
896 3229 940 3314 in
958 3231 1081 3314 latus:
1110 3229 1166 3313 ita
1180 3230 1228 3314 in
1246 3228 1379 3314 Coelis
1397 3227 1469 3313 ubi
1487 3225 1661 3346 corpora

168 3342 436 3457 gravirantin
455 3338 615 3438 Solem,
639 3338 743 3427 furni
762 3339 805 3426 δι
823 3367 995 3460 vapores
1012 3343 1230 3429 ascendere
1249 3343 1401 3428 debent
1422 3339 1557 3430 sSole
1577 3335 1658 3449 (uti

178 3459 263 3569 jam
282 3452 443 3544 'dissum
467 3452 542 3562 est)
569 3452 613 3540 δι
636 3453 840 3568 superiora
867 3459 933 3543 vel
958 3453 1066 3544 reda
1092 3476 1254 3570 petere,
1280 3454 1309 3542 st
1332 3477 1480 3567 corpus
1499 3454 1657 3542 fumant

179 3571 375 3686 quiescita
401 3570 468 3657 vel
485 3567 671 3682 oblique,
698 3567 893 3684 ficorpus
911 3597 987 3684 pro
1035 3571 1214 3657 ediendo
1233 3573 1321 3656 loca
1334 3571 1494 3679 'semper
1512 3567 1658 3654 deserit

170 3715 207 3772 ‚a
231 3683 379 3800 quibus
390 3681 616 3794 superiores
633 3686 794 3794 vaporis
810 3705 983 3798 partera
1025 3685 1234 3770 enderant.
1287 3681 1343 3768 Et
1355 3681 1567 3796 obliquitas
1585 3679 1658 3768 ista

157 3801 319 3888 ,minor
342 3797 421 3884 etit
445 3795 515 3885 ubi
537 3795 724 3886 ascensus
740 3802 902 3911 vaporis
918 3799 1105 3887 velocior
1132 3798 1210 3886 cll:
1236 3799 1428 3885 nimirum
1452 3795 1661 3886 invicinia

169 3911 290 4000 ,Solis
314 3907 494 4018 &jana
521 3935 671 4022 corpus
685 3910 863 4000 sumans.
915 3911 984 3999 Ex
1007 3910 1253 4028 obliquitatis
1277 3931 1413 3997 autem
1431 3907 1661 3996 diversitate

167 4024 463 4124 ,incurvabitur
490 4024 650 4134 vaporis
670 4027 881 4114 columna:
913 4023 957 4111 &
981 4029 1076 4140 qula
1101 4051 1227 4140 vapor
1254 4030 1296 4111 in
1315 4025 1516 4110 columnae
1535 4025 1661 4109 latere

166 4137 444 4254 ‚precedente
466 4137 586 4249 paulo
610 4141 818 4230 recentior
844 4137 925 4240 cll,
950 4141 1054 4225 ideo
1072 4141 1194 4227 etiam
1220 4142 1254 4224 is
1278 4137 1661 4252 ibidem‘aliquanto

146 4273 155 4286 ·
184 4251 465 4348 densiorem,
490 4253 704 4364 lucemque
720 4251 1145 4368 proptereacopiosrus
1165 4248 1370 4350 reliceret,
1395 4250 1662 4340 &imitemi-

184 4395 264 4458 nus
281 4359 513 4456 mdlbnoo
531 4365 822 4454 terminabitur.
856 4367 924 4454 De
948 4365 1184 4454 Caudarum
1203 4364 1495 4476 ‘agitationibus
1515 4361 1663 4450 subita-

184 4484 276 4577 neis
294 4479 338 4566 δι
355 4477 543 4582 incertis,
572 4477 707 4592 deque
724 4507 863 4570 earum
881 4484 1020 4594 figuris
1037 4480 1340 4594 irregularibus,
1359 4503 1466 4594 quas
1480 4479 1666 4566 nonnulli

165 4594 436 4714 ,quantoque
463 4591 721 4694 describunt,
746 4594 814 4682 hic
840 4597 941 4684 nihil
967 4595 1140 4703 adjicioa
1169 4593 1386 4708 propterea
1412 4590 1529 4706 quod
1552 4595 1665 4708 vela

164 4707 478 4809 annotationibus
503 4708 622 4793 Aeris
647 4707 794 4808 nostri,
823 4709 867 4795 da
892 4706 1070 4796 motibus
1094 4709 1265 4794 nubium
1291 4707 1438 4792 caudas
1463 4707 1593 4818 aliqua
1611 4729 1665 4792 ex

183 4843 303 4938 parte
330 4821 635 4932 obscurandum
660 4825 865 4934 oriantur,
892 4825 958 4911 vel
986 4822 1094 4910 forte
1119 4851 1143 4906 a
1169 4821 1350 4934 partibus
1376 4817 1470 4908 Viae
1490 4813 1668 4916 Ladeae,

180 4965 281 5054 quae
301 4963 396 5024 cum
416 4933 554 5020 caudis
570 4939 909 5046 pretereuntibus
928 4935 1127 5032 confundi
1144 4936 1319 5050 possint,
1342 4961 1391 5025 ao
1406 4953 1671 5048 tanquamea-

180 5071 419 5167 rrunpartes
439 5043 617 5164 spellari.
1029 5051 1148 5142 Nnn
1176 5077 1199 5164 3
1379 5099 1382 5106 ,
1426 5077 1435 5085 ·
1462 5115 1469 5132 .
1534 5041 1676 5166 Vapo-
