4432 5680
610 345 1243 452 PRAEFATIO.'

161 531 381 633 misellum,
411 537 515 664 quid
533 541 734 648 optimum
753 537 862 627 fadlu
882 541 927 626 lit
946 543 1200 654 perspedlum
1222 541 1384 629 habere.
1446 542 1549 632 Sana
1568 551 1702 639 omnir

161 645 199 727 a
233 671 328 730 vera
355 645 614 756 Philosophia
642 649 841 736 fundatur
876 654 919 736 in
947 654 1234 741 Phanomenis
1258 677 1418 739 rerum:
1456 679 1550 763 quae
1576 656 1702 756 sinos

152 753 215 836 nel
244 757 399 842 invitos
436 755 751 844 &resudantes
786 764 837 844 ad
873 761 1104 865 hujusmodi
1132 763 1331 868 principia
1360 765 1607 862 deducunt,
1656 773 1701 852 in

146 863 303 970 quibus
330 865 543 950 clarissime
562 891 789 954 cernuntur
808 869 1034 956 Consilium
1053 873 1259 981 optimum
1279 870 1321 956 &
1340 871 1702 972 Dominiumsum·

143 997 266 1058 mum
295 974 573 1081 sapientissimi
602 979 640 1059 ἃ
668 981 929 1087 potentissimi
958 979 1098 1077 Ennea
1123 1008 1211 1066 non
1242 1003 1363 1067 erunt
1386 981 1473 1064 haec
1494 982 1591 1066 ideo
1612 1009 1700 1072 non

144 1082 408 1168 admittenda
435 1087 667 1197 principia,
707 1092 822 1198 quod
861 1086 1104 1196 quibusdam
1142 1089 1275 1174 forsan
1302 1089 1537 1176 hominihus
1565 1093 1700 1194 mitius

146 1212 264 1299 grata
302 1190 381 1278 lint
418 1193 568 1289 futura.
640 1195 722 1282 His
753 1200 818 1283 vel
847 1195 1051 1284 Miracula
1078 1201 1145 1284 vel
1173 1199 1403 1310 Qualitates
1430 1201 1608 1287 occultae
1636 1203 1700 1286 di·

146 1323 301 1384 cantur
327 1360 340 1400 ,
369 1305 708 1414 quae'displicent
732 1347 741 1392 :
768 1333 911 1394 verum
941 1310 1105 1414 nomina
1124 1308 1320 1394 malitiose
1340 1307 1469 1391 indita
1497 1333 1582 1392 non
1603 1307 1698 1397 suut

141 1407 235 1518 ipfis
262 1409 391 1494 rebus
420 1414 524 1497 vitio
550 1419 768 1514 vertenda;
798 1416 871 1502 nisi
900 1417 1001 1503 illud
1029 1417 1148 1503 fateri
1177 1419 1345 1502 tandem
1365 1416 1516 1514 velint,
1549 1417 1698 1525 urique

144 1519 305 1604 debere
333 1519 634 1636 Philosophiam
670 1527 713 1608 in
751 1527 966 1612 Atheismo
1002 1527 1182 1612 fundari.
1273 1523 1441 1610 Horum
1479 1527 1697 1613 hominum

146 1629 277 1738 gratia
315 1655 403 1714 noti
439 1633 518 1716 erit
545 1631 819 1722 labesadanda
847 1635 1137 1746 Philosophia,
1182 1633 1384 1746 siquidem
1412 1657 1550 1721 reruni
1588 1637 1696 1720 ordo

149 1765 234 1824 non
264 1740 356 1823 vult
385 1745 604 1828 immutari.
1683 1776 1688 1784 ·

214 1846 440 1932 Obtinebit
476 1849 601 1962 igitur
628 1857 736 1964 apud
768 1853 921 1962 probos
949 1854 990 1938 dr
1019 1879 1162 1964 aequos
1185 1851 1354 1962 Judices
1381 1849 1721 1964 prestantissima

144 1953 466 2066 Philosophandi
495 1961 634 2060 ratio,
675 1989 770 2072 quae
802 1963 994 2049 fundatur
1020 1966 1062 2048 in
1093 1963 1402 2072 Experimentis.
1425 1964 1466 2047 dr
1489 1962 1694 2064 Observa,-

147 2066 347 2152 tionibus.
402 2065 521 2154 Huic
547 2097 670 2164 vero,
686 2075 769 2158 dici
789 2071 858 2158 vix
877 2074 1057 2182 poterit,
1087 2070 1323 2182 quantalux
1339 2074 1535 2169 accedat,
1565 2097 1694 2180 quan·

144 2193 183 2257 ta
211 2177 426 2286 dignitas,
463 2176 514 2262 ab
541 2177 621 2266 hoc
648 2183 788 2288 Opere
816 2185 1013 2290 preclaro
1043 2179 1290 2274 lllustrilsimi
1319 2179 1445 2262 nostri
1474 2177 1691 2274 Austorisa

143 2293 260 2390 cujus
287 2285 477 2371 eximiam
505 2289 660 2400 ingenii
679 2290 946 2388 felicitatem,
975 2288 1214 2373 difficillima
1233 2312 1413 2398 quaequc
1433 2284 1693 2373 Problemata

143 2395 389 2490 enodantis,
425 2395 468 2480 dr
498 2400 548 2480 ad
576 2423 623 2482 ea
648 2424 775 2507 porro
793 2401 926 2507 pertin
960 2399 1064 2482 entis
1093 2398 1143 2480 ad
1171 2423 1264 2506 quae
1291 2421 1370 2480 nec
1398 2397 1599 2503 speserat
1619 2395 1692 2482 hu·

141 2529 313 2587 manain
343 2525 522 2589 mentem
552 2505 753 2618 assurgere
780 2423 982 2615 potuisis,
1030 2507 1180 2590 merito
1218 2507 1470 2590 admirantur
1500 2503 1543 2589 &
1569 2503 1693 2614 suspi-

140 2613 262 2698 ciunt
303 2615 548 2723 quicunque
581 2622 705 2723 paulo
741 2615 990 2725 profundius
1025 2617 1068 2700 in
1098 2614 1206 2699 hisce
1242 2614 1364 2700 rebus
1402 2614 1547 2698 versati
1583 2614 1689 2700 sunt.

140 2719 341 2817 Claustris
368 2749 469 2834 ergo
488 2724 670 2810 reseratis
691 2784 704 2823 ,
742 2729 898 2809 aditum
918 2725 1050 2810 Nobis
1077 2725 1235 2832 aperuit
1264 2728 1314 2808 ad
1334 2721 1606 2832 pulcherrima
1626 2749 1691 2808 re·

137 2858 235 2916 ium
255 2830 454 2946 mysteria.
511 2831 742 2946 Systematis
770 2831 980 2920 Mundani
1008 2859 1250 2943 compagem
1278 2829 1612 2944 elegantissimam
1633 2833 1689 2916 ita
1772 2880 1780 2886 -

138 2945 313 3027 taudem
341 2941 536 3051 patefecit
575 2941 825 3053 &penitius
852 2941 1181 3052 perspedlandam
1202 2943 1349 3038 dedit;
1396 2961 1443 3026 ut
1472 2966 1550 3025 nec
1577 2940 1686 3050 ipse,

137 3052 165 3136 li
192 3079 312 3138 nunc
332 3051 613 3144 revivisceret,
644 3053 741 3138 Rex
769 3053 1017 3161 ,Asphonstir
1043 3053 1108 3135 vel
1128 3050 1426 3158 simplicitatem
1444 3051 1507 3135 vel
1527 3051 1688 3136 harmo-

139 3167 219 3247 niae
249 3164 422 3272 gratiam
450 3163 494 3245 iti
512 3187 560 3246 ea
579 3160 838 3248 desideraret.
889 3159 1033 3272 ltaque
1061 3160 1230 3244 Naturae
1251 3158 1500 3268 majestatem
1518 3161 1688 3268 propius

133 3271 216 3382 jam
238 3274 340 3357 licet
359 3270 511 3357 intueri
532 3329 545 3369 ,
584 3269 625 3354 dc
645 3270 871 3355 dulcillima
892 3268 1241 3374 contemplatione
1261 3269 1343 3351 frui
1365 3327 1377 3365 ,
1407 3270 1687 3352 Conditorem

138 3408 243 3467 vero
263 3408 310 3466 ac
330 3381 559 3467 Dominum
577 3377 873 3464 Universorum
895 3372 1113 3484 impensius
1138 3375 1278 3455 colere
1305 3373 1347 3453 dt
1368 3373 1582 3466 venerari,
1611 3375 1687 3482 qui

137 3489 297 3576 fruflus
316 3489 373 3574 est
392 3487 661 3596 Philosophiae
680 3490 813 3574 multo
834 3486 1075 3572 uberrimus.
1114 3481 1286 3567 Caecum
1306 3477 1385 3563 else
1404 3495 1595 3590 oportet,
1641 3481 1685 3564 ui

140 3625 199 3684 ex
219 3602 382 3708 optimis
410 3598 452 3682 δι
479 3597 774 3707 sapientissimis
805 3622 943 3683 rerum
963 3589 1169 3682 structuris
1198 3616 1282 3675 non
1303 3587 1435 3674 llatim
1454 3589 1593 3715 videat
1607 3505 1684 3674 ssa-

136 3709 357 3796 bricatoris
384 3707 694 3816 omnipotentis
720 3707 922 3793 infinitam
950 3703 1185 3812 sapientiam
1212 3699 1252 3785 dr
1284 3698 1546 3786 bonitatem:
1583 3698 1683 3784 insa·

131 3845 267 3916 num,
327 3820 370 3904 ui
389 3816 574 3926 profiteri
594 3818 709 3902 nolit.

189 3845 367 4015 Exrasiit
395 3927 522 4036 igitur
556 3924 767 4014 Eximium
804 3925 1054 4011 anrour
1090 3925 1205 4030 Opus
1233 3914 1420 4002 adversus
1449 3915 1682 4004 Atheorum

127 4043 317 4148 impetus
345 4033 655 4122 munitissimum
681 4035 931 4146 praefidium:
968 4056 1105 4140 neque
1142 4037 1250 4114 enim
1277 4028 1466 4112 alicunde
1495 4028 1679 4126 felicius,
1806 4057 1811 4064 ·

127 4175 265 4262 quam
284 4175 336 4234 ex
352 4147 428 4232 hac
448 4143 657 4252 pharetra,
683 4165 829 4230 contra
847 4141 1014 4250 impiam
1033 4139 1252 4224 Catervam
1274 4137 1353 4220 tela
1371 4135 1705 4244 deprompseris.'

126 4260 236 4346 Hoc
256 4255 375 4343 sensit
395 4253 626 4365 pridem&
643 4255 685 4340 in
707 4245 1680 4372 pereruditisConcionibusAngliceLatineque

128 4370 282 4468 editis,
311 4367 467 4475 primus
486 4367 652 4475 egregie
671 4360 962 4450 demonstravit
984 4359 1061 4446 Vir
1081 4357 1254 4441 inomni
1275 4353 1512 4440 Literarum
1525 4377 1680 4462 genere

15 4483 16 4504 ¹
156 4482 355 4566 raeclarus
380 4475 579 4583 idemque
600 4473 800 4558 bonarum
822 4472 989 4555 Artium
1009 4467 1146 4552 fautor
1164 4464 1339 4550 eximius
1366 4463 1679 4548 Rieiiiinous

129 4509 469 4681 hauriatur,
516 4581 657 4667 Seculi
692 4581 752 4668 sui
791 4581 833 4665 &
870 4582 1107 4664 Academiae
1144 4572 1291 4658 nostrae
1321 4598 1388 4656 ma
1421 4597 1521 4656 num
1547 4569 1679 4660 Orna-

15 4621 16 4714 Ὗ
127 4723 344 4794 metitum,
373 4693 496 4781 Colle
526 4693 553 4776 'i
583 4687 708 4776 nostri
735 4682 775 4775 S.
794 4688 1015 4774 Trinitatis
1037 4683 1232 4796 Magister
1260 4683 1370 4877 digni
1406 4707 1514 4768 imus
1544 4683 1587 4764 dc
1614 4676 1688 4763 ini*

124 4813 391 4950 regeramus.
518 4801 585 4890 uic
612 4823 693 4912 ego
720 4807 788 4888 me
814 4795 999 4992 plgiribus
1027 4793 1262 4885 nominibus
1289 4819 1316 4880 o
1347 4788 1674 4984 stridumdefgteegi
