4394 5688
511 347 595 459 '164
767 347 1282 442 PHILOSOPHIAE
1336 345 1754 440 NATURALIS

307 515 365 588 Dr
382 491 648 591 Morodente.
674 493 729 584 Et
750 495 867 586 fimili
883 501 1127 600 ratiocinio,
1145 497 1360 588 inclinatio
1378 498 1505 610 magis
1521 519 1696 610 augetur
1716 519 1842 608 quam
1860 494 2056 584 diminui·

288 599 485 676 cmv!
509 621 578 690 tur
591 605 668 693 ubi
691 608 802 694 Nodi
830 609 922 696 sunt
944 613 986 696 in
1006 607 1250 698 Oilantibus
1269 607 1406 696 alteris
1422 607 1532 694 inter
1551 609 1598 691 A
1612 605 1654 692 &
1672 607 1748 706 D,
1778 605 1820 690 B
1837 603 1880 690 81
1900 603 1944 692 C.
1988 605 2054 692 In-

506 713 677 804 clinatio
696 717 920 828 igiturubi
937 720 1050 806 Nodi
1078 718 1172 804 sunt
1198 720 1243 805 in
1262 715 1449 830 Syzygiis
1475 714 1534 802 est
1551 717 1739 800 omnium
1760 715 1947 802 maxima.
2001 713 2054 804 ln

506 822 675 912 transrtu
703 852 849 912 eorum
871 856 894 914 a
913 828 1100 1022 Slffssii
1125 831 1176 955 ad
1197 829 1508 942 Quadraturas,
1535 824 1581 952 in
1601 823 1764 952 fingulis
1791 850 1844 908 co
1895 825 1977 951 oris
1995 831 2053 954 ad

503 933 651 1022 Nodos
678 962 699 1020 a
729 936 937 1046 pulsrbus,
1008 957 1255 1034 rmrnurtur,
1291 936 1423 1048 fitque
1441 961 1630 1061 omnrum
1650 957 1824 1060 mrnrma·
1842 959 1868 1018 u
1900 962 1913 1019 r
1934 935 2053 1022 Nodr

344 1041 360 1068 ⁹
503 1040 661 1129 suntin
730 1047 955 1134 oadraturis
984 1045 1027 1132 δι
1044 1045 1194 1158 corpus
1211 1054 1253 1132 in
1275 1047 1355 1158 Syz
1383 1046 1480 1158 glis=
1508 1047 1607 1128 dem
1636 1041 1780 1128 crescit
1798 1041 1940 1130 rrsdem
1956 1071 2057 1158 graf

500 1149 623 1238 ‹srbus
642 1156 714 1264 qui
742 1181 788 1240 us
806 1175 926 1240 antea
943 1159 1209 1282 decreverat,
1236 1073 1453 1280 Nodilque
1470 1155 1522 1240 ad
1537 1149 1731 1266 syzygias
1749 1153 1955 1264 proximas
1975 1182 2050 1268 ap·

503 1257 626 1372 pulfis
643 1265 695 1348 ad
712 1266 1043 1375 magnitudinem
1061 1291 1232 1376 parmam
1251 1284 1483 1389 revertitur.
1603 1373 1613 1391 ·

560 1369 684 1456 Corol.
708 1399 768 1456 11.
795 1373 1007 1486 Quoniam
1025 1400 1176 1484 corpus
1193 1375 1238 1459 P
1257 1372 1330 1459 ubi
1350 1373 1396 1458 N
1399 1373 1471 1458 odr
1488 1370 1583 1458 sunt
1602 1395 1646 1458 m
1664 1368 1935 1484 Quadraturis
1951 1399 2049 1486 per·

497 1497 636 1591 ‚petuo
665 1479 839 1568 trabitur
866 1486 919 1568 de
947 1486 1070 1594 plano
1097 1483 1222 1570 Orbis
1248 1479 1343 1581 sui,
1381 1481 1510 1594 idque
1526 1483 1570 1568 in
1588 1499 1747 1592 partem
1765 1481 1902 1570 versus
1922 1483 1971 1580 S,
1998 1485 2049 1572 in

503 1587 675 1674 tranfitu
703 1589 777 1676 suo
797 1619 819 1677 a
839 1591 965 1678 Nodo
984 1594 1022 1680 C
1039 1609 1113 1703 pet
1130 1587 1484 1704 Conjundlionem
1511 1591 1560 1674 A
1573 1593 1624 1676 ad
1643 1589 1812 1678 Nodum
1831 1591 1907 1691 Da
1938 1595 1977 1678 u
1998 1593 2047 1689 in

502 1695 2045 1924 setlle.dtzblrl²2ls¹¹lzll⁶ebltlllltllv‘bltl

496 1865 503 1878 '
756 1870 768 1906 θ
1849 1870 1863 1911 5

498 1936 705 2024 perpetuo
733 1920 890 2004 recedit
918 1919 968 2005 ab
986 1918 1112 2007 Orbis
1129 1838 1194 2008 sug
1217 1921 1341 2030 plano
1359 1917 1494 2029 primo
1522 1917 1614 2045 (ID
1633 1976 1647 2017 ,
1678 1917 1929 2028 usquedum
1947 1949 2047 2052 per-

495 2024 1011 2262 vnvrvllvlv
1027 2055 1302 2248 avena,
1317 2031 1570 2262 {trever
1590 2025 1935 2263 vellere
1960 2033 2054 2229 la

495 2265 585 2330 non
604 2269 647 2328 ru
667 2244 776 2352 plant
794 2246 901 2332 tilius
922 2247 1049 2334 Nodo
1067 2250 1199 2336 altero
1222 2249 1299 2348 D,
1326 2245 1398 2332 sed
1417 2271 1461 2332 m
1479 2161 1633 2358 pungo
1683 2247 1767 2373 uod
1789 2250 1886 2334 mde
1904 2253 2042 2366 vergit

309 2413 312 2422 ·
338 2360 342 2382 “
411 2445 413 2450 ,
496 2351 552 2444 ad
565 2373 703 2479 partes
723 2359 908 2464 corporis
927 2353 980 2456 S,
1041 2362 1208 2468 uodque
1225 2358 1402 2470 proinde
1419 2380 1551 2443 novus
1567 2351 1625 2440 est
1641 2271 1754 2481 llodr
1771 2355 1889 2444 locus
1908 2359 1953 2446 in
1968 2389 2042 2448 an·

497 2477 651 2545 tetrora
680 2487 865 2573 vergens.
931 2465 986 2549 Et
1009 2383 1129 2552 lrmili
1160 2487 1407 2594 argumento
1435 2482 1608 2576 pergent
1628 2463 1740 2551 Nodt
1770 2469 1965 2556 recedere
1992 2471 2042 2560 in

493 2567 666 2655 tranfitu
685 2573 871 2679 corporis
886 2575 941 2658 de
960 2574 1041 2658 boc
1061 2575 1188 2660 Nodo
1213 2602 1257 2661 rn
1278 2575 1449 2661 Nodum
1466 2571 1715 2682 proximum.
1781 2574 1894 2662 Nodi
1911 2579 2040 2691 igitur

494 2675 2039 2902 {l&villeirinstillaverit‘stillaelllllblllle

492 2893 589 2993 diis,
609 2897 860 2984 conditionis
880 2898 1091 3010 utriusque
1107 2899 1348 3010 participes,
1378 2903 1578 2987 recedunt
1607 2900 1786 2999 tardiusa
1816 2906 2036 3018 adeoque,

490 2999 652 3132 semper
678 3007 743 3094 vel
762 3011 991 3135 retrogradi
1013 3011 1077 3096 vel
1094 3007 1340 3108 stationarii,
1364 3007 1528 3122 fingulis
1547 3009 1876 3100 revolutionibus
1892 3013 2038 3106 ferun·

491 3127 625 3199 turm
645 3120 945 3206 antecedentta.
1153 3195 1155 3202 .

491 3293 498 3304 .
544 3219 670 3308 Corol.
692 3251 754 3312 12.
781 3225 939 3316 Omnes
956 3229 1013 3314 illi
1031 3229 1074 3314 in
1093 3231 1154 3318 his
1170 3229 1409 3318 Corollariis
1427 3227 1617 3340 descripti
1630 3225 1802 3320 Errores
1818 3232 1913 3322 sunt
1932 3262 2035 3346 pau·

487 3327 533 3416 lo
551 3331 725 3444 majores
742 3336 785 3422 in
805 3335 1110 3446 Conjundlione
1128 3365 1349 3450 corporum
1371 3341 1438 3438 P,
1460 3337 1492 3420 S
1517 3365 1642 3446 quam
1662 3341 1706 3425 in
1728 3367 1872 3430 eorum
1885 3343 2034 3458 Oppor

487 3439 660 3542 titione,
688 3445 817 3556 idque
836 3447 892 3532 ob
913 3447 1087 3556 majores
1114 3451 1220 3536 vires
1241 3471 1486 3562 generantes
1504 3447 1556 3532 N
1558 3447 1618 3531 M
1639 3445 1679 3532 &
1703 3449 1816 3538 ML.

544 3550 672 3636 Corol.
697 3579 757 3660 ¹3·
785 3555 981 3666 Cumque
1002 3558 1181 3644 rationes
1202 3557 1352 3644 borum
1369 3557 1695 3644 Corollariorum
1716 3583 1801 3644 non
1822 3565 2033 3669 pendeant

483 3661 2030 3888 tllllllbrmzltlvl‘llsslztntflssltlllllalbllblff

487 3899 582 3965 tum
601 3871 696 3960 T&
714 3877 757 3959 P
776 3876 969 3988 Syllema.
1033 3881 1088 3968 Et
1107 3909 1161 3970 ex
1181 3882 1301 3970 rullo
1321 3910 1498 3994 corpore
1515 3883 1547 3970 S
1562 3881 1761 3996 audlaque
1780 3891 1886 3976 adeo
1903 3889 2023 3998 ipfius

484 3981 528 4068 vi
548 3985 799 4094 centripeta‚
830 4015 852 4073 a
874 4015 955 4100 qua
976 3993 1333 4103 errorescorporis
1353 3994 1635 4093 Ponuntur,
1664 3995 1840 4084 evadent
1861 4024 2021 4090 errores

481 4089 543 4180 illi
567 4115 712 4182 omnes
738 4096 927 4200 (paribus
947 4097 1173 4216 distantiis)
1197 4105 1372 4214 majores
1389 4105 1434 4190 in
1454 4103 1534 4190 boc
1555 4102 1648 4189 casu
1665 4130 1789 4215 quam
1808 4107 1852 4195 in
1871 4109 2024 4215 altero,
2066 4163 2070 4170 -

485 4200 558 4290 ubi
577 4227 727 4312 corpus
749 4205 954 4295 Scircum
974 4209 1154 4322 Syllema
1173 4239 1247 4298 cor
1275 4239 1395 4299 orum
1416 4213 1452 4297 P
1473 4215 1515 4300 de
1535 4211 1577 4298 T
1588 4215 1825 4304 revolvitur.

539 4307 662 4398 Corol.
690 4339 751 4424 14.
787 4317 895 4404 Cum
915 4339 1053 4406 autem
1076 4323 1183 4408 vires
1270 4323 1350 4420 M,
1379 4323 1440 4408 M
1451 4321 1517 4420 L,
1543 4320 1616 4408 ubi
1643 4349 1793 4434 corpus
1812 4324 1846 4410 S
1860 4327 2024 4442 longin-

482 4443 616 4528 quum
637 4421 721 4523 eli,
751 4421 825 4512 fint
878 4429 1158 4536 uamptoxime
1178 4452 1223 4515 ut
1244 4430 1304 4516 vis
1323 4429 1409 4514 SK
1424 4431 1591 4518 &ratio
1620 4433 1662 4518 P
1679 4432 1721 4519 T
1740 4435 1791 4520 ad
1820 4434 1856 4520 S
1867 4435 1909 4522 T
1919 4467 2025 4528 con-

481 4525 678 4634 junclim,
715 4533 794 4618 boc
814 4454 894 4634 ed,
923 4535 950 4622 fi
975 4541 1098 4664 detur
1116 4560 1206 4626 tum
1224 4539 1411 4626 distantia
1430 4543 1475 4626 P
1492 4541 1551 4668 T,
1579 4561 1667 4627 tum
1697 4568 1772 4630 cor
1800 4545 1884 4632 oris
1901 4545 1939 4634 S
1957 4553 2027 4640 vis

480 4635 685 4734 absoluta,
711 4663 757 4726 ut
778 4643 854 4728 ST
871 4647 949 4734 cub.
970 4671 1181 4757 reciproce
1202 4687 1213 4748 r
1251 4647 1327 4736 srnt
1346 4671 1487 4739 autem
1505 4677 1609 4739 vrres
1626 4651 1705 4736 illae
1725 4571 1798 4736 Np
1788 4655 1848 4738 M
1854 4713 1871 4756 ,
1907 4659 1964 4747 M
1978 4661 2026 4750 L

480 4745 611 4834 causae
630 4774 820 4840 errorum
839 4753 876 4838 ἃ
897 4751 1120 4890 elielluum
1141 4759 1393 4848 omniumde
1411 4759 1562 4876 quibus
1574 4757 1708 4852 reum
1728 4761 1786 4852 cll
1801 4763 1844 4852 in
1864 4791 2021 4874 praece-

1825 4875 2029 4972 dentibus
