4408 5690
520 411 605 494 272
838 379 1342 480 PHILOSOPHIAE
1394 385 1802 480 ttrt'rultnuts

217 535 222 542 ·
308 515 508 592 Dentato
557 581 561 588 .

310 601 504 672 Goasom

920 737 1665 898 sncttovt.

564 1045 665 1202 ¹De
702 1047 862 1158 Motu
884 1057 946 1166 &
971 1047 1249 1199 Resistentia
1277 1053 1539 1195 Corporum
1560 1039 2009 1194 Funependulorurn.

312 1441 319 1450 .
490 1439 493 1445 Ι
664 1279 1939 1404 ΡιιοΡοειτιοΧιιν.ΤΗΕοιιΕΜΑΧιί.
2057 1263 2064 1272 ’

455 1581 465 1594 =
529 1528 828 1670 ,Quamnam
857 1533 1063 1634 materie
1097 1532 1148 1630 in
1178 1515 1430 1670 corporibus
1453 1529 1810 1670 funependulr‘s,
1878 1570 2067 1670 quorum

539 1697 543 1704 '
597 1699 755 1772 centra
779 1672 1146 1804 oscillationem
1165 1695 1313 1770 centro
1324 1667 1618 1810 suspenfiom's
1635 1669 1870 1808 equaliter
1888 1673 2068 1805 obstant,

587 1810 971 1940 summersione
993 1806 1229 1949 compofita
1251 1843 1307 1906 ex
1337 1809 1512 1908 ratione
1537 1808 1792 1948 ponderum
1813 1806 1876 1917 Θ
1897 1813 2069 1914 ratione

486 1977 492 1988 ·
599 1947 832 2087 duplicato
854 1977 1107 2090 temporum
1128 1943 1445 2070 oscillationem
1468 1947 1518 2050 a'n
1537 1983 1692 2051 vocuo.
2197 1961 2198 1996 ³

583 2249 691 2338 Nam
717 2249 938 2345 velocitas,
965 2263 1092 2357 quam
1118 2217 1361 2334 data'vis'in
1379 2243 1480 2326 data
1490 2244 1659 2328 materia
1677 2245 1775 2330 dato
1801 2263 1984 2358 tempore
2000 2275 2076 2360 ge.

471 2436 478 2450 ,
526 2383 673 2448 nerare
701 2357 869 2471 potest,
898 2353 957 2442 est
985 2375 1033 2440 ut
1060 2355 1123 2439 vis
1152 2353 1195 2438 δι
1221 2372 1394 2462 tempus·
1412 2349 1602 2450 diresle,
1634 2351 1678 2438 dt
1703 2356 2068 2448 materia‘invetse.

527 2475 631 2578 Quo
658 2468 789 2577 major
815 2467 875 2553 est
901 2467 962 2551 vis
986 2465 1051 2549 vel
1080 2463 1209 2574 majus
1234 2483 1398 2570 tempus
1425 2460 1491 2546 vel
1518 2463 1656 2548 minor
1682 2465 1880 2563 materia,
1905 2491 1957 2552 eu
1986 2495 2073 2556 uta·
2197 2495 2198 2518 ι

523 2575 885 2774 &etrele
913 2569 1226 2795 llltltssl
1252 2575 1647 2786 lllllf‘el‘tlll
1663 2571 2072 2795 lsst‘snltltst

482 2825 487 2835 ’
527 2799 637 2883 vires
672 2805 869 2883 mottices
902 2795 947 2878 in
972 2792 1074 2876 locis
1101 2819 1125 2875 a
1149 2790 1454 2899 perpendiculo·
1476 2791 1691 2984 assoatiter
1719 2789 1957 2880 distantibus
1979 2795 2071 2884 sunt

528 2925 578 2992 ιιι
604 2910 819 3016 pondera:
857 2904 1039 3030 ideoque
1065 2897 1096 2985 li
1121 2924 1305 3009 corpora
1333 2903 1419 2986 duo
1446 2899 1515 2984 osc
1546 2902 1670 2986 lando
1697 2901 1927 2990 describant
1953 2932 2069 2996 arcus
2197 2987 2198 2990 γ

529 3017 730 3127 aquales,
758 3014 801 3100 de
826 3011 946 3100 arcus
970 3011 1028 3098 tlli
1055 3010 1290 3096 dividantur
1309 3009 1355 3094 in
1372 3029 1508 3118 partes
1535 3013 1738 3121 aequalesa
1765 3039 1862 3100 curn
1882 3033 2066 3124 tempora

526 3125 679 3236 quibus
711 3149 887 3234 corpora
923 3118 1155 3208 describant
1187 3117 1361 3230 singulas
1377 3127 1560 3207 'arcuum
1587 3141 1722 3229 partes
1748 3123 2067 3234 corresponden-

526 3255 592 3320 tes
621 3234 698 3321 siut
727 3254 774 3320 ut
802 3257 989 3343 tempora
1005 3227 1319 3315 ›oscillationuns
1349 3248 1566 3330 totarum,
1593 3249 1717 3316 erunt
1743 3231 1985 3322 velocitates
2011 3239 2063 3324 ad

524 3343 706 3432 invicem
733 3346 776 3444 in
805 3337 1222 3452 correspondentibus
1240 3338 1541 3425 oscillatiouum
1560 3339 1767 3448 partibus,
1792 3363 1840 3428 ut
1857 3343 1964 3430 vires
1981 3371 2067 3432 mo

525 3455 651 3542 trices
670 3455 714 3542 ἃ
733 3473 822 3541 tota
848 3451 1151 3540 oscillationem
1170 3471 1359 3557 tempora
1376 3444 1532 3534 diresle
1551 3449 1594 3536 u
1615 3452 1865 3561 quantitates
1883 3457 2066 3543 materie

524 3566 769 3673 reciproce:
805 3569 995 3674 adeoque
1025 3559 1278 3672 quantitates
1304 3557 1488 3644 materiae
1514 3578 1561 3644 ut
1581 3559 1686 3646 vires
1706 3559 1748 3646 u
1765 3559 2065 3654 oscillationum

525 3691 715 3784 tempora
731 3671 888 3760 dirette
904 3673 949 3758 δι
968 3673 1208 3755 velocitates
1226 3668 1453 3776 reciproce.
1496 3665 1579 3756 Sed
1598 3670 1838 3756 velocitates
1853 3672 2065 3782 reciproce

524 3779 620 3868 sunt
647 3804 696 3868 ut
723 3801 934 3890 tempora,
958 3801 1085 3889 atque
1110 3783 1217 3864 adeo
1244 3798 1430 3889 tempora
1456 3773 1611 3863 ditesie
1636 3777 1680 3864 δι
1707 3779 1940 3868 velocitates
1957 3783 2059 3868 reci·

522 3917 652 4004 proce
677 3899 772 3980 sunt
800 3905 847 3978 ut
866 3894 1066 4003 quadrata
1091 3908 1357 3997 temporum,
1401 3884 1445 3972 δι
1471 3908 1690 3997 propterea
1715 3893 1959 4000 quantitates
1977 3917 2066 3978 tna·

523 4003 641 4088 teriae
666 4003 756 4092 sunt
793 4023 841 4090 ut
867 4003 975 4088 vires
1012 3997 1209 4085 mottices
1236 3995 1277 4082 u
1304 4000 1502 4111 quadrata
1532 4016 1800 4109 temporum,
1838 3997 1984 4098 idest,
2011 4021 2063 4088 ut

525 4115 711 4218 pondera
737 4113 781 4202 δι
818 4117 1014 4226 quadrata
1040 4128 1289 4220 temporum.
1345 4107 1410 4229 Q.
1429 4106 1481 4194 E.
1500 4111 1561 4196 D.

577 4304 703 4392 Coros.
726 4332 759 4392 r.
785 4301 964 4415 Ideoque
993 4300 1023 4389 st
1049 4325 1236 4414 tempora
1260 4300 1353 4390 sunt
1382 4303 1577 4414 aequalia,
1604 4304 1854 4417 quantitates
1889 4305 2065 4394 materie

519 4411 565 4499 in
592 4415 758 4529 singulis
781 4414 1025 4524 corporibus
1048 4433 1174 4498 erunt
1198 4431 1244 4496 ut
1274 4415 1470 4522 p'ondera.
2061 4485 2068 4500 .

579 4523 703 4608 Coros.
726 4555 761 4611 2.
789 4523 831 4609 Si
856 4526 1040 4634 pondera
1065 4525 1159 4610 sunt
1185 4525 1377 4635 aequalia,
1399 4519 1651 4635 quantitates
1672 4525 1853 4613 materiae
1870 4545 1996 4614 erunt
2014 4545 2064 4614 ut

524 4637 723 4746 quadrata
745 4657 992 4744 temporum.
1057 4647 1061 4654 '
1592 4665 1595 4671 ’
1708 4683 1711 4690 ’
1918 4731 1926 4746 ,

580 4743 704 4832 Coros
727 4773 763 4845 3·
790 4743 832 4832 Si
850 4746 1103 4856 quantitates
1128 4746 1310 4836 materiae
1331 4761 1571 4860 equantut,
1596 4747 1780 4858 pondera
1805 4766 1930 4836 erunt
1956 4745 2066 4834 reci·
2108 4749 2118 4762 '

526 4883 655 4972 proce
673 4876 721 4950 ut
739 4857 934 4974 quadrata
952 4875 1201 4966 temporum.
1349 4865 1353 4872 '
1933 4963 1972 5052 C
2009 4965 2056 5054 d

524 4996 535 5039 s
1964 4993 2010 5052 or
2051 5022 2062 5048 ο
