4408 5690
398 366 750 500 rnructrtr
804 401 1374 506 naruuuarrca:
1585 415 1664 528 ‘aar

114 583 241 672 ruodo
279 576 504 670 diametros
531 585 655 672 rede.
677 575 882 678 dimensus
918 588 1019 678 sum.
1082 589 1278 694 Parabam
1304 583 1665 714 utiquela'oripam
1686 593 1891 670 urata*
1945 648 1948 660 .

113 699 276 806 planam
303 711 548 804 pertenuem
576 695 619 780 in
648 698 787 782 medio
814 698 1099 809 perforatam,
1134 700 1333 806 existente
1355 699 1572 784 'ctrculatis
1603 681 1866 794 iossi‘lffl'·

117 797 286 892 taminia
307 795 514 914 diametro
544 807 720 918 partium
741 805 930 920 quinque
959 801 1193 897 odoratum
1214 809 1345 920 digiti.
1414 801 1469 896 Et
1490 829 1549 892 oe.
1565 831 1669 897 tetra

115 937 225 1025 aqum
250 914 461 998 exilientis
483 918 672 1002 cadendo
700 920 1000 1006 acceleraretur
1026 923 1069 1006 dr
1096 920 1395 1006 acceleratione
1414 920 1673 1003 redderetur·

117 1021 357 1136 angustior,
403 1023 506 1108 hanc
529 1027 718 1112 laminam
745 1043 831 1114 non
859 1029 993 1115 fundo
1021 1031 1236 1132 fed‘ltteri
1257 1028 1355 1114 vasrs
1374 1021 1487 1112 affixi
1508 1025 1589 1124 stc,
1617 1028 1674 1111 u't

15 1165 16 1216 t
118 1159 220 1220 vena
246 1136 317 1218 itta
346 1139 615 1244 egrederetur
633 1136 861 1222 secundum
881 1141 1030 1225 lineam
1052 1138 1265 1227 horizonti
1283 1137 1526 1246 parallelum.
1552 1135 1675 1223 -Deitt

121 1247 191 1332 ubl
211 1263 280 1327 vas
310 1271 428 1354 aquae
450 1247 615 1352 pteoutrr
643 1244 741 1330 ellat
763 1304 776 1345 ,
816 1251 956 1356 aperui
976 1249 1163 1336 foramen
1185 1269 1230 1333 ut
1251 1271 1356 1358 aqua
1376 1241 1596 1344 effluerem
1610 1243 1672 1329 'dc

123 1373 240 1438 veram
260 1345 483 1453 diameter,
506 1358 555 1438 ad
577 1355 806 1442 distantiam
826 1358 937 1467 quasa
958 1360 1117 1446 dimidii
1137 1359 1255 1469 digiti
1280 1355 1527 1470 aforamine
1542 1371 1671 1465 quam

123 1461 415 1572 accuraritltme
434 1466 684 1562 memorata.
715 1470 1041 1577 prodiit'partim
1058 1468 1204 1579 viginti
1225 1467 1267 1552 δι
1297 1467 1418 1550 unius
1446 1468 1676 1575 quadrage»-

122 1573 307 1658 srmatanr
327 1575 460 1684 digiti.
499 1575 597 1684 Erat
628 1578 754 1688 igitur
782 1579 983 1680 diameter
1009 1578 1218 1665 foraminis
1242 1577 1365 1680 liujus
1392 1574 1601 1659 circularis
1617 1569 1674 1658 ati

120 1689 368 1769 diametrum
396 1697 505 1768 vena
529 1705 575 1770 ut
604 1700 653 1788 '25
684 1689 735 1769 ad
764 1715 815 1770 21
845 1691 1171 1798 quamproxime.
1201 1687 1279 1771 Per
1299 1684 1582 1794 experimenta
1598 1701 1673 1796 te·

120 1813 167 1878 ro
204 1792 366 1878 constat
404 1797 519 1902 quod
557 1797 763 1904 quantitas
799 1819 918 1905 aquae
946 1820 1041 1907 quaa
1080 1819 1154 1906 per
1182 1796 1371 1884 foramen
1399 1790 1600 1877 circulare
1625 1791 1672 1876 itt

121 1903 252 1989 fitndo
272 1901 370 1987 vafra
390 1902 539 1988 fatiunt
560 1902 732 2002 effluit,
772 1925 819 1989 ea
838 1904 897 1989 est
925 1923 1044 2018 quae,
1074 1933 1150 2020 pro
1177 1908 1382 1992 diametro
1409 1923 1547 1997 trenae,
1574 1919 1676 1986 sum

121 2014 344 2100 uelocitate
365 2015 551 2122 prodidit
572 2013 741 2098 effluere
760 2014 899 2100 debet.

172 2123 219 2210 ln
248 2123 518 2232 sequentibus
545 2125 694 2232 igitur,
713 2127 835 2232 plano
862 2124 1072 2230 foraminis
1098 2127 1334 2232 parallelum
1356 2123 1452 2207 duci
1471 2119 1676 2231 intellige·

122 2252 188 2318 tur
207 2238 376 2343 planum
403 2236 513 2318 aliud
542 2233 725 2342 lupetius
750 2239 799 2318 ad
820 2232 1053 2326 *distantiam
1082 2236 1287 2320 diametro
1306 2231 1517 2317 foraminis
1538 2251 1678 2338 aequaa

123 2345 201 2428 lem
229 2347 296 2428 ael
316 2345 439 2451 paulo
466 2353 663 2452 majorem
693 2344 737 2428 dr
762 2343 965 2430 foramine
986 2344 1141 2453 majore
1159 2339 1400 2456 pertusum,
1447 2365 1520 2451 per
1549 2335 1666 2451 quod

125 2454 268 2562 utique
289 2473 392 2536 vent
413 2457 531 2538 cadat
553 2473 647 2566 quae
668 2455 883 2563 adequate
905 2457 1071 2562 impleat
1162 2521 1169 2560 r

126 2559 506 2648 foramenrnrtriur
527 2563 636 2656 EF,
674 2581 801 2672 atque
820 2565 925 2648 adeo
954 2573 1072 2669 culus
1160 2561 1171 2678 l

125 2675 326 2760 diameter
355 2671 402 2754 stt
427 2677 477 2756 ad
498 2672 746 2758 diametrum
769 2671 979 2760 foraminis
1006 2675 1071 2758 in·
1115 2669 1171 2754 tt

126 2782 286 2868 ferioris
317 2797 363 2865 ut
396 2783 590 2890 a5rd21
618 2781 796 2869 circiter.
862 2782 929 2868 Sic
959 2785 1071 2868 enim
1161 2754 1173 2900 ξ

127 2920 229 2980 vetra
252 2917 328 2999 ρετ
356 2889 542 2976 foramen
570 2891 741 2976 inferius
759 2893 1071 3002 perpendicula·
1108 2903 1174 3016 ΚΞ

127 2999 464 3095 ritertranstbitt
517 2992 787 3110 &quantitas
812 3022 931 3111 aqum
951 3001 1071 3087 efflu-
1166 2990 1173 3042 ¹

128 3113 255 3209 entis,
285 3137 362 3220 pro
380 3107 901 3221 magnitudinerforaminis
921 3113 1068 3214 hujus,

129 3230 290 3322 eterit
312 3245 436 3331 quam
464 3219 615 3304 solutio
637 3217 907 3303 Problematis
933 3215 1074 3326 postu·
1101 3235 1103 3242 '
1329 3317 1354 3332 ..

126 3332 177 3416 lat
216 3328 545 3440 quamproxime.
618 3324 803 3436 Spatium
823 3353 923 3410 vero
951 3329 1068 3436 quod
1182 3389 1189 3402 -
1220 3310 1271 3388 Μ
1305 3315 1327 3335 ”’
1355 3315 1376 3333 ’”
1396 3345 1432 3419 0

127 3443 253 3550 planis
273 3439 435 3524 duobus
461 3437 502 3522 tt
524 3464 626 3522 vena
646 3440 821 3523 cadente
840 3437 1068 3532 clauditur,
1400 3517 1404 3525 ,

128 3577 201 3658 ρτο
231 3547 368 3634 fundo
398 3541 496 3632 vairs
525 3547 664 3633 haberi
694 3544 842 3654 potest.
907 3544 989 3632 Sed
1016 3566 1063 3630 ut
1409 3577 1449 3659 R

127 3659 279 3746 solutio
306 3652 576 3744 Problematis
606 3655 824 3762 srmplicior
852 3654 899 3739 stt
928 3657 967 3738 dt
987 3679 1093 3741 mas

128 3771 187 3882 gis
218 3766 550 3864 Mathematict,
586 3765 737 3877 prestat
762 3766 960 3851 adhibete
987 3767 1070 3877 pla·

129 3905 232 3964 uum
263 3877 394 3964 folum
424 3877 592 3962 inferius
610 3903 688 3985 pro
718 3873 852 3962 fundo
871 3875 993 3976 vasu,
1025 3876 1068 3962 dc
1300 3877 1415 3980 1⁰
1632 3907 1646 3947 a

129 3987 289 4100 fingere
317 3986 431 4098 quod
453 4011 558 4096 aqua
608 4011 664 4068 ua
692 4010 765 4093 per
786 3987 960 4096 glaciem
992 4011 1071 4070 ceu
1092 4011 1166 4095 per
1198 3988 1505 4078 infundibulum
1526 3989 1687 4082 deflue-

129 4099 198 4182 bat
220 4155 235 4196 ,
267 4096 309 4181 dr
335 4096 470 4182 evase
490 4113 562 4206 ρετ
577 4012 769 4179 ioramen
790 4093 832 4173 E
851 4091 894 4174 F
913 4095 1229 4202 egrediebatur,
1260 4117 1421 4184 motum
1453 4101 1572 4188 suum
1594 4127 1688 4213 per·
1820 4157 1824 4166 ·

127 4231 257 4402 pefu'o
294 4205 427 4316 fervet
456 4205 497 4290 da
526 4204 673 4318 glacies
709 4204 896 4313 quietem
931 4205 1043 4288 suam
1081 4203 1236 4291 etiamst
1261 4209 1305 4294 in
1336 4230 1488 4322 aquam
1513 4209 1688 4300 fluidam

128 4335 367 4404 temtatur.
491 4337 493 4344 '
1674 4351 1679 4364 ·

181 4427 332 4538 Casta.
362 4423 403 4510 st
423 4417 608 4509 foramen
628 4422 671 4505 E
697 4421 740 4505 F
763 4447 848 4508 non
878 4418 925 4505 srt
951 4424 993 4508 in
1022 4421 1308 4513 mediofundi
1336 4427 1461 4528 vairs,
1490 4427 1560 4515 sed
1592 4426 1689 4516 fun·

123 4531 224 4623 dum
255 4533 353 4621 alibi
373 4533 628 4645 perforetur:
660 4553 764 4641 aqua
796 4529 942 4618 effluet
962 4537 1105 4618 eadem
1128 4560 1224 4621 cum
1248 4539 1469 4624 velocitate
1485 4563 1533 4622 ac
1555 4539 1691 4648 prius,

121 4646 150 4732 li
180 4645 312 4734 modo
339 4649 483 4730 eadem
509 4643 555 4728 stt
586 4637 796 4727 foraminis
825 4643 1078 4751 magnitudo.
1152 4643 1259 4729 Nam
1286 4649 1567 4758 gravemajori
1600 4647 1692 4760 qui·
1760 4727 1762 4738 .

117 4759 214 4843 dem
237 4776 432 4866 tempore
460 4748 673 4839 descendit
700 4749 749 4836 ad
779 4755 954 4836 eandem
981 4747 1306 4858 profunditatem
1367 4759 1587 4844 erlineam
1615 4751 1685 4838 ob·

113 4869 275 4994 liquam
306 4889 435 4980 quam
459 4885 534 4978 pet
561 4865 712 4950 lineam
731 4859 1115 5086 perpendgtgatem
1140 4921 1153 4965 ,
1183 4784 1685 5058 seddeiienderadoggt1a¹
