4394 5688
412 361 772 456 antuerpia
827 361 1396 463 marnnmamca
1599 383 1675 492 1⁶9
1799 273 1803 277 ³

118 539 296 667 cuiarem
314 562 362 624 ac
383 536 411 626 fi
431 539 547 630 simul
566 538 609 628 &
626 541 751 628 semel
764 535 813 625 ‘in
836 542 977 628 locum
997 537 1294 631 interstitionis
1306 561 1563 655 arquatorum
1580 575 1670 638 mo·
1704 563 1845 638 Lura

123 673 233 778 tuum
249 651 440 747 diorum,
468 650 755 764 quosseorsrm
775 672 1051 761 generarent,
1082 649 1247 738 fuissent
1275 656 1459 761 impressa
1502 645 1793 746 Giobuspm
1808 671 1859 723 Μ·

121 782 236 887 rgrtur
256 760 543 870 homogeneus
562 761 603 846 δι
625 757 830 871 ρεῑῐεὲὶιιε
850 787 934 846 non
963 762 1115 846 retinet
1136 784 1275 848 motus
1291 765 1427 873 plures
1444 765 1668 872 distindos,

117 869 178 954 sed
195 867 411 978 impressos
432 896 577 956 omnes
597 871 811 980 componit
832 868 874 952 dt
898 876 950 955 ad
971 897 1101 956 unum
1120 877 1306 971 reducit,
1332 875 1371 957 dr
1397 894 1600 983 quatenus
1623 883 1668 968 in
1775 861 1778 866 ⁵

19 1045 21 1092 p
116 978 151 1064 se
167 979 225 1063 est
242 1043 261 1106 Ι,
301 997 469 1106 gyratur
490 979 650 1089 semper
677 999 797 1066 motu
830 977 999 1086 simplici
1028 978 1071 1064 &
1092 981 1289 1066 uniformi
1310 984 1417 1066 circa
1438 1009 1557 1070 axem
1576 991 1669 1073 uni·
1716 987 1721 994 ’

20 1107 21 1142 ³
117 1115 227 1214 cum„
240 1095 513 1215 intimatione
535 1089 695 1198 semper
714 1089 938 1176 invariabili
961 1093 1116 1174 datum.
1156 1089 1237 1176 Sed
1260 1117 1337 1186 nec
1357 1087 1418 1176 vii
1437 1105 1668 1206 centripeta

116 1201 421 1284 mundatione-m
442 1202 560 1297 axis,
598 1223 668 1284 aut
692 1200 908 1283 rotationis
937 1199 1203 1284 velocitatem
1225 1197 1384 1286 mutare
1406 1203 1549 1310 potest.
1623 1207 1668 1293 Si

117 1307 271 1436 G,¹⁰b,¹1,⁸
293 1309 415 1436 plano
440 1335 697 1420 quocunque
719 1319 735 1406 ,'
763 1335 835 1416 per
854 1328 1045 1392 centrum
1066 1308 1183 1393 suum
1205 1309 1245 1393 δι
1268 1331 1458 1394 centrum
1482 1314 1527 1398 in
1548 1320 1665 1424 quod

116 1445 167 1502 vra
185 1423 378 1544 drngrtur
398 1417 658 1518 transeunte,
681 1419 811 1502 dividi
831 1417 1083 1527 intelligatur
1103 1419 1145 1502 in
1169 1423 1255 1503 duo
1275 1421 1578 1528 nemispnaeria;
1600 1453 1667 1510 ur·

117 1527 221 1637 gebrt
238 1527 400 1636 semper
418 1528 477 1612 vis
497 1529 561 1612 iila
582 1550 809 1636 utrumque
828 1526 1157 1634 hemispbaerium
1178 1527 1407 1637 aequaliter,
1421 1530 1460 1613 dt
1474 1555 1665 1638 propter·

118 1635 388 1762 eaGsobum,
417 1642 555 1749 quoad
588 1659 750 1724 motum
781 1637 1034 1730 rotationis,
1070 1639 1224 1722 nullam
1247 1639 1289 1722 in
1311 1643 1665 1746 partemincsina-

117 1746 178 1872 brt.
235 1749 424 1832 Addatur
448 1773 546 1830 vero
567 1747 716 1832 alicubi
736 1748 846 1830 inter
870 1746 1011 1852 polum
1033 1743 1074 1829 dr
1094 1767 1344 1857 aquatorem
1370 1750 1535 1834 materia
1557 1779 1665 1839 nova

116 1883 151 1941 rn
168 1857 345 1942 sormam
369 1857 522 1940 montis
541 1859 748 1944 cumulata
772 1913 785 1951 ,
817 1853 859 1937 dr
882 1855 969 1938 haec
992 1913 1004 1952 ,
1044 1879 1244 1962 perpetuo
1265 1877 1419 1943 conatu
1440 1859 1664 1950 recedendi

115 1991 296 2052 acentro
315 1965 376 2050 sui
407 1988 545 2051 motus
566 2026 579 2064 ,
619 1965 801 2050 turbabit
821 1986 984 2048 motum
1004 1961 1134 2050 Globi
1158 2022 1171 2061 ,
1208 1963 1417 2075 facietque
1436 1969 1553 2076 polos
1576 1979 1663 2076 ejus

118 2101 241 2162 errare
259 2101 334 2184 per
354 2075 475 2185 ipsrus
495 2075 826 2183 superficiem,&
846 2074 1023 2157 circulos
1047 2076 1204 2160 circum
1225 2073 1265 2158 se
1285 2075 1567 2184 pundumque
1588 2079 1661 2166 srbi

115 2185 338 2313 oppositum
364 2207 570 2300 perpetuo
595 2183 839 2270 describere.
898 2183 1045 2291 Neque
1079 2187 1311 2293 corrigetur
1333 2182 1403 2266 ista
1436 2188 1663 2294 vagationis

115 2315 328 2382 enormrtas
350 2353 365 2393 ‚
402 2294 473 2380 nisr
496 2295 673 2382 locando
703 2313 890 2378 montem
912 2292 1027 2375 ilium
1049 2294 1111 2375 rel
1136 2293 1178 2374 in
1200 2293 1297 2398 polo
1317 2292 1542 2390 alterutro,
1575 2319 1663 2402 quo

115 2407 152 2492 in
170 2405 278 2492 Casu
306 2404 420 2514 (per
438 2404 580 2490 Coros.
605 2401 704 2507 21.)
744 2401 855 2485 Nudi
886 2401 1110 2509 aequatoris
1137 2399 1483 2511 progredientur;
1532 2407 1599 2487 vel
1618 2413 1662 2491 in

116 2538 343 2626 aquatore,
371 2540 453 2624 qua
474 2513 635 2600 ratione
666 2514 771 2617 (per
791 2509 933 2594 Corui.
953 2536 1016 2592 20.
1037 2507 1059 2615 )
1103 2509 1215 2593 Nodi
1245 2509 1534 2618 regredientur
1555 2547 1566 2608 ς
1594 2513 1662 2600 vel

116 2628 288 2738 denique
306 2650 359 2708 ex
381 2625 506 2708 altera
527 2623 611 2706 axis
628 2641 745 2732 parte
769 2621 962 2703 addendo
982 2619 1196 2702 materiam
1216 2643 1366 2702 novam
1388 2681 1398 2711 ‚
1437 2645 1519 2729 qua
1540 2645 1662 2708 mons

114 2737 209 2821 inter
222 2734 485 2820 movendum
498 2728 754 2846 iibretur‚&
775 2729 856 2814 boc
878 2725 996 2836 padio
1020 2727 1128 2814 Nodi
1149 2729 1213 2813 vei
1240 2726 1661 2840 progredientur‚vel

114 2851 338 2940 recedent,
372 2843 543 2964 perinde
563 2862 608 2926 ut
630 2865 748 2928 mons
777 2837 820 2924 &
849 2838 989 2925 haecce
1018 2863 1124 2924 nova
1145 2841 1313 2925 materia
1343 2837 1436 2924 sunt
1470 2839 1536 2926 rel
1557 2840 1661 2952 polo

117 2959 172 3043 vel
188 2953 393 3067 aequatori
412 2953 637 3074 propiores.

220 3073 655 3223 rnonos1r1o
691 3125 867 3217 nxvn.
905 3121 1307 3230 Tnaonuma
1346 3123 1552 3256 xxvn„

117 3345 264 3479 Pistris
299 3343 455 3468 iisdem
500 3335 818 3440 attruiiiouum
844 3329 1048 3466 legibus,
1099 3328 1195 3430 dicu
1219 3329 1343 3464 quad
1356 3355 1511 3465 corpus
1533 3333 1659 3428 ente⁴¹

177 3487 267 3585 rins
294 3493 349 3607 S,
387 3483 510 3583 circa
533 3477 792 3578 interiorem
819 3481 870 3596 P,
883 3481 1166 3569 Tcnmmune
1181 3465 1427 3601 gravitatis
1452 3487 1657 3580 centrum

183 3633 226 3726 C
237 3703 251 3750 ,
284 3621 429 3721 radiis
461 3618 529 3718 ad
555 3643 757 3716 centrum
779 3609 897 3710 illud
917 3607 1097 3729 dunis,
1146 3603 1355 3728 describit
1388 3637 1520 3702 arear
1542 3627 1658 3701 tem·

171 3759 352 3902 poribus
374 3757 516 3893 magis
538 3749 891 3892 proportionales
927 3747 988 3852 ἔφ’
1015 3741 1180 3843 Orbem
1203 3745 1485 3876 adfirmem
1499 3731 1655 3876 Ellip.
1684 3859 1687 3862 Ι

168 3909 263 4025 seor
295 3898 555 3998 umbilicum
595 3894 643 3992 iu
679 3918 826 3990 centro
859 3886 1008 3986 eodem
1042 3883 1245 3985 habentis
1278 3880 1419 4014 magis
1442 3877 1656 3980 accersen-

176 4033 292 4164 tem,
332 4073 471 4174 quam
495 4032 618 4138 circu
640 4056 794 4164 corpus
821 4025 1032 4126 intimum
1053 4023 1115 4127 &³
1137 4019 1387 4122 maximum
1408 4029 1480 4144 T,
1496 4031 1498 4034 ’
1512 4016 1656 4118 radiis

178 4179 241 4279 ad
255 4180 404 4319 ipfirm
425 4169 592 4296 dubiis,
629 4161 876 4309 describere
894 4159 1053 4300 potest.

165 4417 265 4504 Nam
282 4410 469 4520 corporis
499 4400 808 4491 Sattradiones
828 4395 967 4483 versus
996 4389 1092 4478 T&
1114 4391 1157 4474 P
1177 4405 1435 4498 componunt
1453 4385 1573 4496 ipsius
1591 4389 1655 4470 at-'

119 4528 347 4614 tradionem
374 4519 635 4611 absolutam,
681 4536 771 4621 quae
797 4509 924 4619 magis
954 4503 1147 4614 dirigitur
1172 4499 1216 4582 in
1235 4520 1462 4605 corporum
1490 4491 1531 4578 T
1543 4493 1586 4580 δι
1608 4493 1654 4580 P

117 4661 326 4724 commune
341 4629 551 4744 gravitatis
572 4641 762 4712 centrum
786 4616 842 4715 C,
855 4640 977 4726 quam
997 4614 1040 4696 in
1060 4633 1209 4717 corpus
1230 4608 1453 4691 maximum
1472 4599 1529 4706 T,
1542 4628 1654 4718 quae·

116 4773 189 4856 que
207 4751 411 4861 quadrato
423 4737 620 4822 distantiae
641 4729 717 4814 SC
730 4727 856 4838 magis
876 4723 933 4810 est
955 4717 1515 4912 proportionalisrecifiroce,
1527 4737 1650 4826 quam

114 4863 306 4970 quadrato
325 4849 525 4940 distantiae
546 4840 635 4932 ST:
666 4860 711 4928 ut
732 4831 1114 5029 remYperpendenti
1132 4827 1253 4916 facile
1276 4851 1359 4914 con
1395 4823 1648 5014 abieno.
