4432 5680
422 364 834 456 -urtrucrera
888 365 1453 474 Maruunraurca
1536 337 1540 346 ⁴
1635 397 1686 514 'aa

31 618 32 630 t
146 541 473 634 evanescentium
500 541 677 629 summas
696 540 740 626 dr
757 542 963 644 rationes,
992 546 1224 660 primasque
1242 552 1514 664 nascentium,
1543 560 1685 669 idest,
1728 561 1881 636 urana-

31 639 32 734 Ὓ
142 659 189 740 ad
202 655 362 740 limites
387 652 637 738 summarum
657 649 700 734 dt
718 652 925 738 rationum
947 658 1180 756 deducere;
1211 659 1254 746 δι
1271 687 1488 776 propterca
1508 671 1688 768 limitum
1708 641 1894 742 Parquq·

30 757 33 840 l
141 766 303 849 illorum
323 761 693 848 demonstrationes
712 787 794 871 qua
813 764 932 870 potui
952 763 1153 857 brevitate
1171 774 1434 875 praemittere.
1473 777 1556 866 His
1573 792 1685 876 enim

141 874 243 958 idern
263 871 477 982 praeliatur
494 873 610 980 quod
628 895 701 979 per
720 873 1317 978 methodumjlndivifibilium;
1337 883 1379 968 δι
1391 890 1598 1000 principiis
1609 899 1682 984 de·

140 981 369 1068 monstratis
383 980 466 1090 jam
487 981 616 1064 tutius
635 999 812 1066 utemur.
868 981 1049 1070 Proinde
1077 985 1121 1070 in
1138 987 1433 1100 sequentibus,
1463 995 1681 1109 srquando

141 1095 391 1202 quantitates
421 1111 616 1200 tanquam
645 1115 700 1174 etr
725 1093 932 1196 particulis
949 1093 1183 1182 constantes
1204 1099 1537 1202 confidet-avaro,
1566 1115 1681 1200 velst

141 1225 212 1308 pro
231 1197 351 1286 retiis
370 1197 617 1304 usurpavero
636 1199 804 1284 lineolas
822 1225 965 1286 curvas
986 1238 998 1299 a
1048 1205 1177 1290 nolim
1196 1208 1470 1313 indivisibilia,
1500 1216 1570 1302 sed
1588 1247 1683 1306 eva-

144 1309 349 1394 nescentia
366 1307 609 1402 divisibilia,
635 1333 723 1392 non
742 1305 917 1394 summas
936 1307 977 1394 dt
998 1311 1177 1400 rationes
1197 1319 1371 1423 partium
1391 1312 1683 1416 determinata.

146 1443 270 1515 rum,
308 1417 374 1502 sed
399 1415 646 1500 summarum
675 1415 944 1504 &rationum
972 1420 1120 1506 limites
1145 1423 1304 1533 semper
1331 1427 1504 1541 intelligi
1526 1471 1538 1530 ς
1579 1438 1680 1526 vim·

142 1551 223 1634 quc
242 1527 383 1610 talium
401 1521 798 1611 demonstrationum
816 1527 867 1610 ad
891 1529 1134 1616 methodum
1153 1537 1477 1643 praecedentium
1488 1534 1680 1632 Lemma·

143 1655 224 1718 tum
241 1633 402 1738 semper
422 1633 617 1720 revocari.

192 1741 385 1852 objettio
403 1741 495 1868 eli,
543 1747 658 1852 quod
677 1745 955 1854 quantitatum
987 1750 1317 1838 evanescentium
1338 1757 1447 1840 nulla
1466 1758 1513 1841 sat
1533 1761 1677 1850 ultima
1813 1845 1815 1852 ,

147 1854 372 1960 proportio;
393 1877 547 1962 quippe
564 1864 683 1961 quer,
702 1873 923 1962 antequam
942 1881 1222 1957 evanuerunt,
1242 1863 1405 1950 nonest
1425 1867 1565 1954 ultima
1577 1928 1591 1968 ,
1603 1871 1676 1957 ubi

145 1980 424 2058 evanuerunt,
455 1964 564 2046 nulla
591 1961 662 2046 eli.
728 1961 873 2048 Sed&
902 1967 1051 2050 eodem
1069 1992 1314 2078 argumento
1337 1984 1456 2084 aeque
1474 1981 1676 2066 contendi

143 2070 260 2176 pollet
289 2072 446 2158 nullam
466 2068 545 2154 else
565 2072 749 2180 corporis
767 2074 818 2158 ad
838 2094 1000 2157 certum
1019 2077 1158 2162 locum
1178 2083 1456 2188 pervenientis
1475 2088 1673 2174 velocita-

142 2199 218 2263 tem
243 2181 461 2264 ultimam:
501 2180 605 2263 banc
633 2182 769 2279 enim,
797 2203 1020 2294 antequam
1040 2210 1189 2294 corpus
1207 2187 1372 2297 attingit
1393 2193 1557 2288 locum,
1586 2221 1674 2283 nort

139 2285 213 2374 else
229 2292 440 2386 ultimam,
461 2291 533 2372 ubi
551 2287 740 2397 attingit,
761 2293 914 2374 nullam
932 2289 1022 2374 else.
1060 2292 1116 2376 Et
1136 2293 1340 2400 responsio
1359 2296 1485 2382 facilis
1503 2299 1673 2389 estaPer

139 2399 394 2484 velocitatem
414 2398 601 2484 ultimam
618 2397 793 2506 intelligi
812 2423 901 2489 eam
919 2453 933 2494 ,
962 2423 1043 2506 qua
1061 2425 1213 2508 corpus
1232 2423 1423 2489 movetur
1442 2417 1581 2517 neque
1600 2437 1672 2496 an·

137 2526 305 2615 tequam
325 2505 489 2616 attingit¹
507 2508 647 2589 locum
666 2505 858 2590 ultimum
878 2507 917 2586 ἃ
935 2526 1073 2593 motus
1093 2505 1236 2602 cessat,
1262 2535 1400 2622 neque
1419 2515 1577 2622 postea,
1597 2517 1671 2607 sed

136 2635 235 2700 tunc
251 2641 346 2702 cum
366 2615 555 2725 attingit;
585 2615 626 2698 id
647 2613 734 2708 est,
768 2614 879 2700 illam
897 2614 1020 2722 ipsam
1041 2618 1302 2705 velocitatem
1353 2648 1500 2709 uacum
1520 2653 1672 2737 corpus

133 2725 293 2835 attingit
311 2727 451 2810 locum
471 2723 662 2810 ultimum
680 2720 723 2806 dr
741 2749 919 2832 quacum
936 2745 1073 2810 motus
1091 2725 1226 2812 cessat.
1251 2727 1307 2814 Et
1322 2648 1507 2818 {militer
1525 2761 1597 2842 per
1607 2739 1672 2822 ul-

134 2835 268 2920 timam
287 2833 492 2920 rationem
510 2831 789 2942 quantitatum
809 2835 1157 2928 evanescentium
1178 2838 1586 2947 intelligendamelse
1605 2872 1668 2930 ra·

134 2945 283 3030 tionem
312 2943 592 3053 quantitatum
620 2967 707 3028 non
733 2959 829 3028 ante
861 2967 955 3026 uam
982 2942 1264 3044 evanescunt,
1308 2974 1395 3034 nort
1415 2947 1574 3058 postea,
1595 2952 1669 3048 sed

130 3076 305 3160 quacum
330 3050 617 3137 evanescunt·
659 3054 812 3135 Pariter
904 3051 1010 3135 ratio
1038 3053 1165 3160 prima
1193 3056 1445 3143 nascentium
1475 3057 1534 3144 est
1559 3063 1668 3150 ratio
1698 3135 1702 3148 .

130 3185 304 3270 quacum
332 3161 567 3248 nascuntur.
630 3155 686 3243 Et
713 3157 869 3243 summa
898 3159 1026 3266 prima
1056 3160 1098 3244 dt
1126 3163 1269 3248 ultima
1297 3162 1356 3249 est
1383 3190 1564 3274 quacum
1584 3167 1666 3256 esse
1732 3177 1736 3188 '

93 3294 101 3309 “
128 3269 210 3370 (vel
229 3268 436 3382 augeri&
455 3269 585 3355 minui
606 3267 623 3376 )
652 3265 857 3376 incipiunt
878 3267 920 3351 dc
938 3265 1100 3354 cessant.
1171 3269 1296 3356 Extat
1314 3273 1430 3359 limes
1449 3301 1576 3385 quem
1597 3301 1667 3361 ve·

130 3381 263 3466 locitas
280 3383 326 3466 iu
346 3378 430 3468 siue
447 3395 585 3463 motus
603 3377 806 3485 attingere
824 3373 983 3484 potest,
1014 3401 1100 3460 non
1119 3396 1259 3462 autem
1279 3379 1515 3488 transgredi.
1552 3381 1664 3468 Haec

128 3487 388 3575 eslvelocitas
406 3486 561 3572 ultima.
597 3481 653 3569 Et
675 3511 746 3594 par
766 3479 825 3568 est
843 3483 949 3570 ratio
972 3482 1110 3570 limitis
1128 3486 1408 3595 quantitatum
1428 3486 1469 3572 dt
1489 3512 1667 3598 propor-

130 3597 285 3682 tionum
311 3598 499 3704 omnium
526 3592 814 3704 incipientium
841 3591 885 3676 &
913 3591 1163 3679 cessantium.
1225 3594 1422 3704 Cumque
1447 3595 1515 3682 hic
1544 3598 1665 3685 limes

127 3703 173 3788 st
189 3726 323 3792 certus
348 3704 391 3789 &
405 3703 601 3804 ,definitus
613 3765 623 3796 ,
635 3701 852 3788 Problema
871 3701 929 3787 est
946 3701 1370 3795 vereGeometricum
1389 3710 1567 3791 cundem
1587 3711 1660 3793 de-

123 3817 356 3902 terminare.
414 3812 683 3899 Geometrica
709 3837 809 3898 vero
838 3812 975 3899 omnia
1000 3815 1044 3896 iu
1063 3813 1147 3897 aliis
1169 3811 1449 3898 Geometricis
1465 3816 1664 3926 deterrui.-⁴

121 3925 263 4010 dandis
280 3951 329 4010 ac
347 3920 670 4008 demonstrandis
688 3917 872 4030 legitime
890 3921 1145 4027 usurpantur.
1319 3995 1320 4000 a

166 4033 388 4120 Contendi
408 4033 531 4116 etiarn
550 4027 683 4140 potest
702 4088 716 4126 ,
743 4031 858 4138 quod
878 4026 907 4110 fi
924 4032 1075 4113 derrtur
1093 4029 1248 4114 ultimae
1267 4031 1545 4138 quantitatum
1561 4040 1661 4120 evass

116 4143 375 4230 nescentium
392 4139 816 4236 tationes,dabuutur
834 4137 875 4222 δι
896 4135 1051 4222 ultimae
1069 4139 1448 4247 magnitudinem&
1467 4141 1658 4253 ficquan·

114 4262 203 4338 titas
231 4252 370 4336 omnis
397 4247 599 4334 constabit
627 4273 679 4332 ex
697 4244 1042 4342 ludivifibilibus,
1080 4265 1225 4330 contra
1252 4270 1374 4357 quam
1395 4247 1583 4332 Euclides
1602 4255 1656 4338 dc

111 4357 671 4454 incommensurabilibus,in
689 4355 795 4438 libro
813 4355 978 4440 decimo
996 4352 1313 4442 Elementorum
1325 4413 1338 4451 ,
1350 4357 1657 4464 demonstravit.

112 4471 274 4558 Verum
304 4467 394 4552 haec
420 4463 614 4574 Objesiio
638 4461 746 4550 salsae
772 4465 963 4548 innititur
989 4461 1214 4576 hypothes
1278 4465 1444 4548 Ultimae
1473 4465 1656 4558 rationes

113 4579 190 4664 illae
214 4575 467 4691 quibuscum
495 4575 745 4684 quantitates
772 4571 1054 4669 evanescunt,
1101 4597 1241 4657 revera
1260 4597 1345 4656 uon
1365 4571 1452 4656 sunt
1473 4575 1655 4664 rationes

112 4689 394 4798 quantitatum
411 4685 647 4769 ultimarum
669 4739 682 4778 ,
708 4678 778 4764 sed
795 4680 944 4765 limites
960 4685 1010 4764 ad
1030 4706 1135 4789 quos
1154 4681 1431 4790 quantitatum
1449 4680 1532 4766 stne
1551 4685 1654 4768 limi·

108 4817 154 4882 te
182 4793 513 4884 decrescentium
541 4792 719 4876 rationes
737 4787 895 4898 semper
913 4790 1266 4914 appropinquante
1298 4788 1463 4900 &quas
1486 4795 1652 4900 propius

104 4905 259 5046 assequi
286 4903 452 5019 possunt
480 4927 603 5012 quam
632 4925 708 5012 pro
735 4901 828 4987 data
847 4899 988 5092 quavis
1006 4895 1271 4998 differentia,
1309 4919 1651 5090 nunquamtqraqqq)
