4408 5690
376 461 381 474 ·
501 455 640 573 ’ψ
826 438 1331 548 ruinosorntrs
1386 449 1804 592 narnensis

350 651 541 741 mmm,
560 629 691 716 dubio
720 629 846 740 magis
876 629 1058 740 resistunt
1087 657 1209 740 quam
1236 629 1479 742 liquidiora,
1497 625 1720 716 ut‘Oleum
1747 627 1949 742 frigidum
1976 655 2099 740 quarn
2202 699 2203 720 2

349 751 555 824 cnarorou
569 741 772 831 calidum,
801 741 977 824 calidum
1009 766 1131 849 quam
1161 765 1266 850 aqua
1293 739 1507 846 pluvialis,
1538 761 1642 846 aqua
1671 763 1789 844 quarn
1819 737 1998 846 Spiritus
2024 737 2099 826 Vi·
2202 721 2203 810 l

562 850 618 936 ni.
664 845 826 934 Verum
857 849 898 932 in
926 849 1155 958 liquoribus
1183 849 1257 956 qui
1283 851 1333 932 ad
1361 845 1519 930 sensum
1550 845 1642 929 satis
1668 843 1781 931 fluidi
1808 846 1938 942 sunt,
1980 868 2026 932 ut
2055 854 2103 932 iu

563 963 702 1051 Aere,
730 958 773 1038 in
805 965 922 1065 Aqua
939 958 1011 1038 seu
1042 957 1154 1041 dulci
1183 957 1251 1038 seu
1279 954 1404 1052 salsa,
1434 957 1476 1039 in
1504 953 1717 1060 Spiritibus
1739 953 1866 1050 Vini,
1894 953 2103 1040 Terebin-

563 1066 624 1150 thi
644 1064 685 1147 dc
706 1061 882 1162 Salium,
906 1066 946 1148 in
967 1064 1075 1150 Oleo
1095 1093 1117 1149 a
1136 1061 1306 1148 saecibus
1324 1089 1396 1174 per
1413 1061 1728 1148 destillationem
1745 1063 1916 1148 liberato
1935 1065 1974 1148 dt
1992 1065 2102 1149 cale·
2202 1079 2203 1120 l

562 1169 694 1271 sosio,
723 1172 916 1282 Oleoque
945 1173 1113 1258 Vitrioli
1143 1171 1186 1256 &
1213 1173 1447 1272 Mercurio,
1480 1197 1527 1255 ac
1557 1169 1738 1257 Metellis
1774 1169 2019 1279 liquesaelis,
2056 1173 2108 1256 δι

441 1327 448 1340 =
564 1277 668 1391 srqui
688 1279 762 1364 snt
783 1282 871 1375 alii,
895 1283 968 1391 qui
993 1302 1076 1366 tarn
1102 1278 1219 1365 fluidi
1238 1277 1332 1366 sunt
1355 1282 1457 1364 utin
1479 1275 1575 1362 vasis
1595 1281 1734 1388 agitati
1753 1299 1917 1364 motum
1935 1281 2108 1386 impres·

561 1389 651 1476 sum
671 1389 828 1474 diutius
846 1391 1088 1474 conservent
1111 1449 1125 1488 ,
1145 1385 1353 1516 effusique
1374 1389 1586 1472 'liberrime
1613 1387 1654 1471 in
1675 1410 1812 1580 quttas
1840 1389 2104 1480 decurrendo
2202 1457 2203 1510 ᾗ

563 1499 850 1592 resolvantur,
886 1503 1021 1584 nullus
1048 1499 1198 1581 dubito
1226 1511 1329 1608 qmn
1359 1500 1496 1607 regula
1529 1498 1646 1579 allata
1693 1499 1767 1580 aris
1786 1518 1977 1582 accurate
1995 1499 2108 1581 obti·
2202 1511 2203 1524 ¹

563 1613 684 1694 tr'eat:
705 1605 928 1713 praesertim
949 1605 975 1688 sr
993 1607 1273 1712 experimenta
1293 1606 1335 1690 in
1355 1605 1595 1714 corporibus
1613 1605 1801 1714 pendulis
1823 1604 1863 1689 ἃ
1884 1605 2104 1712 majoribus
2202 1645 2203 1648 Ν

563 1714 609 1800 dt
638 1713 818 1798 velocius
847 1715 969 1798 motis
997 1713 1272 1798 instituantur.
1935 1719 1941 1728 '

619 1821 817 1930 Denique
853 1849 950 1906 cum
980 1821 1253 1930 receptissima
1276 1821 1619 1931 Philosophorum
1647 1823 1776 1908 aetatis
1809 1820 1929 1930 hujus
1959 1825 2106 1934 opinio
2202 1827 2203 1914 ῗ

563 1927 639 2028 stt,
670 1929 860 2015 Medium
890 1933 1100 2040 quoddam
1130 1931 1356 2016 aethereum
1385 1927 1426 2015 &
1454 1934 1523 2016 lon
1552 1931 1902 2019 esobtiliffrmum
1931 1956 2100 2032 extare,

562 2040 682 2152 quod
720 2063 864 2122 omnes
893 2041 1080 2124 omnium
1116 2065 1341 2150 corporum
1367 2065 1488 2150 poros
1589 2063 1745 2127 meatus
1777 2040 1985 2126 liberrime
2013 2067 2108 2150 pet·

567 2164 703 2242 mecm
731 2147 840 2230 atali
867 2168 1005 2233 autern
1035 2148 1182 2233 Medio
1208 2175 1281 2260 per
1306 2175 1528 2257 corporum
1557 2177 1679 2257 poros
1705 2148 1864 2232 sinente
1882 2147 2106 2236 resrslentia

563 2256 663 2342 oriri
683 2255 853 2342 debeat:
883 2279 929 2341 ut
949 2278 1153 2343 tentarem
1173 2283 1223 2344 an
1240 2257 1486 2370 resistentia,
1506 2283 1629 2368 quarn
1647 2260 1694 2342 in
1716 2257 2107 2366 motis-corporibus

563 2366 832 2474 experimur,
872 2385 957 2452 tota
975 2367 1022 2454 srt
1051 2368 1095 2451 in
1123 2392 1267 2453 eorum
1287 2391 1456 2452 externa
1485 2365 1730 2476 superficie,
1767 2393 1819 2450 au
1844 2391 1944 2450 vero
1964 2391 2106 2475 partes

563 2475 692 2558 etiam
722 2475 896 2560 internrc
920 2477 964 2560 iu
982 2475 1273 2584 superficiebus
1292 2477 1464 2584 propriis
1488 2473 1750 2560 resistentiam
1770 2475 1994 2560 notabilem
2014 2477 2102 2562 sen·

566 2579 671 2666 tiant
684 2636 696 2677 ,
722 2583 954 2692 excogitavi
974 2585 1300 2692 experimentum
1320 2587 1410 2668 tole.
1474 2583 1562 2669 Filo
1581 2587 1734 2694 pedum
1756 2584 1948 2668 undecim
1972 2587 2109 2696 longi·
2202 2635 2203 2650 ι

569 2689 755 2790 tudinis,
783 2691 833 2774 ab
855 2717 966 2774 unco
985 2691 1183 2802 chalybeo
1199 2693 1290 2778 satis
1310 2693 1454 2790 firmo,
1484 2695 1694 2778 mediante
1712 2695 1860 2776 annulo
1879 2691 2108 2803 chalybeo,

563 2795 634 2885 sus
682 2797 857 2882 ndebam
878 2800 1072 2910 pyxidem
1089 2797 1179 2882 abie
1208 2825 1300 2884 nam
1320 2803 1562 2897 rotundam,
1578 2806 1627 2886 ad
1646 2799 1978 2886 constituendum
1996 2828 2103 2910 pen·

487 2915 490 2924 '
565 2824 710 2990 duffnr
742 2907 1010 3018 longitudinis
1036 2909 1163 3016 praedi
1203 2934 1252 2994 ae.·
1316 2907 1457 2995 Uncus
1486 2911 1641 2995 sursum
1659 2929 1886 3018 praeacutus
1905 2931 1990 2992 erar
2009 2913 2109 2995 acie
2202 2935 2203 2948 ¹

567 3038 747 3114 concava
761 3071 777 3114 ,
789 3037 833 3097 ut
854 3016 1026 3107 annulus.
1048 3041 1145 3100 arcu
1165 3016 1238 3099 suo
1254 3015 1463 3126 superiore
1480 3017 1586 3102 aciei
1604 3019 1769 3104 innixus
1787 3016 1990 3103 liberrime
2009 3043 2108 3102 rno-

563 3142 744 3222 veretur.
791 3125 919 3206 Arcui
940 3145 1080 3210 autern
1101 3125 1287 3210 inferiori
1308 3123 1599 3211 annedebatur
1617 3127 1741 3212 silum.
1786 3127 2108 3212 -Pendulumita
2202 3211 2203 3220 ,

567 3212 835 3315 constitutum
865 3233 1121 3322 deducebam
1147 3261 1169 3317 a
1188 3235 1489 3343 perpendiculo
1503 3239 1551 3320 ad
1573 3234 1800 3321 distantiam
1817 3235 1928 3344 quast
1947 3237 2107 3344 pedum

563 3337 670 3448 sest„
685 3339 812 3448 idque
840 3337 1065 3426 secundum
1085 3343 1251 3450 planum
1271 3344 1373 3427 aciei
1395 3345 1490 3428 unci
1506 3345 1870 3472 perpendiculare,
1901 3369 1956 3430 ne
1973 3371 2109 3430 annu-

563 3449 649 3540 lus,
677 3446 886 3533 oscillante
901 3451 1110 3560 pendulo,
1134 3450 1254 3561 supra·
1274 3451 1409 3536 aciem·
1425 3477 1522 3538 uncr
1538 3453 1654 3536 ultro
1666 3453 1864 3564 citmque
1876 3451 2101 3540 laberetur.

565 3552 677 3664 Nam
698 3552 896 3661 punslum
912 3556 1196 3667 suspensronis‚
1226 3560 1268 3644 in
1289 3586 1379 3668 quo
1395 3561 1572 3646 annulus
1596 3585 1750 3648 unoum
1771 3582 1838 3646 tm
1869 3563 1925 3661 it,
1957 3562 2104 3647 immo

566 3682 655 3770 tum
678 3685 843 3745 manere
860 3666 994 3750 debet.
1032 3666 1199 3752 Locum
1213 3667 1342 3778 igitur
1358 3691 1551 3753 accurate
1566 3585 1868 3762 notabamus}
1880 3694 2007 3796 quern
2032 3677 2107 3754 de-

563 3771 761 3854 duxeram
781 3775 1030 3878 pendulum,
1048 3775 1145 3861 dein
1162 3776 1349 3882 pendulo
1362 3774 1539 3860 demisso
1551 3777 1743 3862 notabam
1763 3779 1932 3862 aliatrra
1948 3781 2036 3862 loca
2048 3783 2104 3862 ad

567 3900 663 3988 quae
682 3875 839 3966 redibat
859 3882 901 3963 in
922 3879 1003 3966 fine
1023 3879 1283 3966 oscillationia
1301 3883 1467 3991 prime,
1485 3883 1676 3970 secundae
1694 3911 1740 3970 ac
1753 3887 1897 3971 tertiae.
1921 3883 2104 3971 Hocre·
2202 3933 2203 3936 κ

599 3983 762 4072 etebam
782 3987 956 4097 saepius,
974 4006 1021 4074 ut
1047 3989 1137 4074 loca
1154 3988 1222 4075 illa
1247 4015 1370 4100 quam
1390 3991 1513 4099 potui
1539 3991 1832 4080 accuratissime
1852 3995 2105 4090 invenirem.
2202 4047 2203 4074 r

614 4119 686 4180 um
716 4098 908 4207 pyxidem
926 4095 1166 4206 plumbo&
1195 4099 1481 4210 gravioribus,
1509 4105 1675 4210 quaead
1693 4121 1993 4198 manusemnt,
2018 4127 2112 4190 me·
2202 4119 2203 4122 ‘

568 4199 677 4290 taliis
701 4199 934 4310 implebam.
996 4201 1076 4290 Sed
1105 4208 1215 4315 prius
1235 4209 1514 4316 ponderabatn
1543 4237 1569 4320 p
1599 4212 1732 4297 uidem
1762 4235 1972 4308 vacuam,
2023 4237 2109 4296 una
2202 4221 2203 4306 l

564 4336 667 4428 cum
691 4330 806 4418 parte
842 4311 898 4398 fili
925 4337 1019 4424 quae
1041 4317 1204 4405 circum
1230 4316 1422 4428 pyxidem
1439 4321 1569 4403 ⁴volve
1624 4337 1694 4403 rur
1718 4343 1766 4404 ac
1804 4319 1979 4404 dimidio
2016 4345 2112 4428 par*
2202 4335 2203 4428 ᾗ

566 4421 618 4518 tis
644 4419 715 4504 reli
752 4441 815 4500 uae
841 4445 936 4529 quae
965 4424 1075 4506 inter
1112 4449 1269 4510 uncum
1305 4425 1347 4510 dt
1373 4431 1569 4543 pyxidem
1583 4430 1811 4540 ‘pendulam
1832 4427 2109 4514 tendebatur.
2202 4433 2203 4494 l

559 4527 704 4716 gisam
722 4445 847 4612 iilum
862 4527 1027 4614 tensum
1040 4529 1217 4618 dimidio
1232 4535 1425 4638 ponderis
1440 4533 1500 4622 sui
1519 4537 1745 4660 pendulum
1762 4565 1786 4622 a
1805 4539 2116 4648 perpendiculo

595 4631 782 4751 rgrelsum
814 4634 971 4742 semper
1002 4648 1171 4768 urget..)
1213 4639 1331 4727 Huic
1358 4645 1531 4751 ponderi
1560 4644 1761 4730 addebam
1790 4649 1955 4754 pondus
1985 4646 2111 4732 Aeris

560 4765 692 4938 ἕξω
719 4741 837 4853 ppxis
867 4743 1064 4874 capiebat.
1119 4745 1173 4832 bt
1190 4755 1352 4858 pondus
1380 4768 1515 4838 toturn
1535 4773 1622 4836 erat
1649 4752 1760 4864 quast
1775 4779 1867 4882 pars
1887 4753 2115 4881 septuage·
2202 4855 2203 4872 Ν

686 4847 824 4950 oslava
850 4857 1013 4964 pyxidas
1041 4859 1297 4980 metallorum
1322 4860 1468 5054 plene.
1522 4857 1858 4974 Tumquoruuur
1875 4878 2130 5062 pffitmg
