4388 5678
546 303 630 413 :152
734 385 757 426 -.
799 297 1318 390 rumosouurm
1372 292 1789 388 uruunanrs

141 497 143 506 ‚
324 485 386 556 m
402 475 528 549 Moru
549 448 909 642 diuffideoque
940 453 1107 538 eaedcm'
1124 448 1218 538 sunt
1246 472 1293 535 ac
1314 447 1343 533 ss
1362 474 1385 534 a
1403 467 1579 558 corpore
1596 445 1846 534 intermedio
1863 469 2095 538 manarent.

320 567 525 638 corronurr
589 620 599 641 .
665 618 675 636 .
745 625 755 644 ‚
1514 653 1520 664 ρ
1751 639 1757 652 ,

535 555 659 750 ‚th
685 667 884 776 quoniam
911 671 1005 753 data
1033 649 1097 753 est'
1119 667 1224 754 ratio
1251 663 1450 752 distantiae
1475 665 1662 770 corporis
1687 663 1877 750 utriusvis
1896 691 1919 750 a
1939 687 2094 753 centro

545 773 619 862 iliu
646 778 859 864 communi
892 779 943 862 ad
971 775 1201 864 distantiam
1235 776 1419 884 corporis
1447 773 1632 883 ejusdem
1660 801 1682 860 a
1707 799 1886 884 corpore
1918 777 2092 877 altero,

547 882 714 982 dabitur
742 885 847 969 ratio
874 883 1050 990 cujusvis
1066 883 1275 995 potcstatis
1294 883 1493 970 distantiae
1512 883 1633 970 unius
1648 883 1700 969 ad
1721 885 1895 969 eandem
1913 883 2093 994 potestn-

540 1009 634 1077 tem
659 987 858 1077 distantiae
884 993 1074 1091 alterius;
1111 1011 1158 1078 ut
1187 993 1229 1077 δι
1258 993 1366 1078 ratio
1393 989 1633 1104 quantitatis
1659 990 1870 1100 cujusvis,
1948 1017 2010 1078 oe
2036 1019 2091 1080 cx

538 1119 630 1185 una
658 1098 843 1214 distantia
872 1101 915 1186 dc
944 1101 1244 1213 quantitatibus
1272 1103 1376 1186 datis
1403 1120 1619 1210 utcunque
1637 1101 1873 1199 derivatur,
1893 1019 1946 1186 ai
1964 1127 2091 1228 quan·
2175 1183 2176 1192 s

545 1209 709 1296 ritatem
744 1209 893 1304 aliam,
940 1235 1035 1320 quae
1071 1236 1125 1294 ex
1157 1213 1282 1295 altera
1300 1209 1488 1295 distantia
1513 1208 1557 1293 dc
1584 1209 1884 1320 quantitatibus
1908 1213 2090 1298 totrdcm
2175 1195 2176 1290 i

539 1318 652 1414 datis
677 1322 902 1446 datamque
927 1318 1035 1405 illam
1062 1317 1342 1404 distantiarum
1370 1319 1573 1406 rationem
1598 1321 1650 1403 ad
1668 1319 1824 1427 priores
1843 1317 2089 1404 habentibus

546 1421 729 1512 fimilitcr
757 1430 978 1512 derivatur.
1042 1427 1220 1512 Proinde
1247 1425 1277 1512 fi
1303 1428 1393 1522 vis.
1430 1453 1513 1537 qua
1541 1451 1690 1535 corpus
1715 1451 1846 1513 unum
1873 1429 1925 1512 ab
1953 1429 2085 1514 altero

539 1533 750 1632 trahitur,
780 1531 1011 1626 fitdiredie
1039 1537 1104 1620 vel
1132 1534 1291 1621 inverse
1308 1552 1355 1620 ut
1375 1533 1561 1621 distantia
1578 1560 1801 1646 corporum
1822 1534 1874 1620 ab
1891 1535 2085 1635 invicem
2175 1582 2176 1648 f

539 1641 613 1727 ‘rel
641 1658 697 1726 ut·
714 1644 913 1752 quelibet
931 1643 1052 1751 bujus
1070 1641 1267 1728 distantiae
1285 1638 1484 1751 poteibss3
1511 1645 1576 1729 vel
1603 1645 1786 1755 denique
1812 1663 1861 1728 ut
1880 1645 2087 1756 quantitas
2175 1723 2176 1732 s

547 1757 703 1944 queris
737 1775 792 1838 ex
827 1751 903 1838 bac
939 1749 1126 1837 distantia
1164 1751 1208 1838 ἃ
1247 1752 1545 1862 quantitatibus
1571 1751 1677 1838 datis
1701 1755 2087 1864 quomodocunque

578 1859 751 1944 erivata:
777 1862 859 1945 erit
888 1863 1032 1946 eadem
1060 1862 1141 1961 vis,
1168 1886 1252 1971 qua
1278 1887 1429 1968 corpus
1454 1861 1567 1947 idem
1596 1864 1645 1947 ad
1672 1887 1897 1958 commune
1914 1863 2084 1973 gravita-
2175 1911 2176 1986 p

547 1966 603 2051 tis
629 1988 821 2054 centrum
860 1969 1068 2068 trabitur,
1111 1969 1265 2056 directe
1292 1969 1437 2055 itidem
1461 1971 1530 2055 vei
1556 1968 1717 2056 inverse
1742 1988 1790 2055 ut
1818 1975 2006 2079 corporis
2033 1991 2087 2057 at·
2175 2043 2176 2058 r

546 2073 868 2176 trudii1diiiantia
892 2105 914 2162 a
940 2099 1088 2163 centro
1114 2079 1186 2164 illo
1211 2079 1446 2176 communi,
1472 2080 1540 2163 vel
1569 2102 1617 2166 ut
1636 2081 1782 2164 eadem
1799 2076 1998 2164 distantiae
2017 2081 2087 2166 bu·
2175 2089 2176 2154 Γ

547 2189 613 2290 jos
629 2184 830 2292 potestas,
860 2188 925 2271 vei
953 2189 1135 2296 denique
1163 2206 1212 2272 ut
1237 2187 1444 2297 quantitas
1461 2212 1514 2271 ex
1541 2187 1617 2274 hac
1644 2185 1889 2273 distantia&
1910 2189 2088 2300 ancingis

546 2293 847 2400 quantitatibus
884 2293 989 2380 datis
1015 2294 1198 2380 srmiliter
1221 2298 1435 2382 derivata·
1471 2293 1572 2381 Hoc
1592 2293 1675 2394 est,
1703 2293 1779 2382 Vis
1807 2295 2006 2383 trahentis
2023 2321 2088 2381 ea·
2175 2347 2176 2376 r

547 2401 646 2485 dem
674 2404 754 2488 crit
783 2401 878 2489 Lex
903 2401 1087 2514 respetiu
1114 2402 1314 2492 distantiae
1341 2401 1567 2516 utriusque.
1622 2401 1740 2528 QE.
1758 2405 1822 2488 D.

548 2661 559 2783 j
678 2639 1103 2731 PROPOSITIO
1140 2641 1266 2732 Lxlt
1301 2639 1694 2730 PROBLEMA
1733 2641 1975 2775 xxxvto.

551 2839 795 2977 Corporum
818 2831 1006 2933 duorum
1027 2873 1125 2970 quae
1148 2831 1333 2938 Wribas
1359 2833 1583 2970 quadrato
1614 2833 1830 2955 obstantia
1849 2845 1949 2960 Juae
1969 2837 2086 2936 reci·
2175 2885 2176 2976 ς

551 2981 563 3100 3
608 3003 748 3114 proce
774 2968 1179 3110 proportionalibus
1188 2978 1245 3092 ste
1266 3000 1414 3072 mutuo
1435 2971 1625 3107 trabunt
1635 3051 1651 3099 ,
1689 2973 1824 3110 orde
1844 2973 1946 3075 locr's
1970 2971 2086 3074 datis

619 3107 945 3234 demittuntur,
972 3109 1277 3212 determinare
1299 3111 1468 3214 Motus.
1715 3213 1720 3222 ,

603 3325 795 3437 Corpora
832 3327 941 3434 (per
958 3321 1197 3410 Tbeorema
1216 3321 1514 3430 novifftmum)
1540 3321 1711 3432 perinde
1739 3322 2017 3412 movebuntur
2042 3351 2088 3412 ac

548 3436 578 3523 fi
597 3464 620 3523 a
638 3459 815 3546 corpore
836 3434 987 3531 tertio,
1007 3433 1049 3516 in
1069 3433 1282 3518 communi
1298 3435 1507 3544 gravitatis
1523 3451 1671 3518 centro
1690 3431 1938 3532 constituto,
1959 3433 2087 3520 trabe

546 3563 694 3629 rentur
713 3575 726 3638 s
765 3543 808 3626 dc
827 3561 1019 3626 centrum
1038 3543 1138 3626 iliud
1160 3540 1249 3650 ipso
1276 3563 1414 3625 motus
1433 3540 1555 3626 initio
1574 3537 1756 3650 quiescet
1775 3565 1848 3650 per
1866 3541 1911 3626 Η
1952 3564 1954 3566 ·
2000 3543 2089 3626 the·

548 3649 635 3746 fins
664 3647 708 3732 dc
730 3666 951 3758 propterea
970 3655 1069 3756 (per
1088 3649 1253 3760 Legum
1274 3650 1418 3737 Corui
1437 3645 1510 3756 4.)
1537 3648 1698 3756 semper
1719 3649 1914 3758 quiescet.
2010 3671 2090 3734 ter·
2175 3725 2176 3728 γ

548 3755 733 3846 minandi
752 3753 844 3846 sunt
865 3755 990 3868 igitur
1009 3778 1147 3842 motus
1165 3782 1388 3865 corporum
1410 3759 1509 3864 (per
1527 3757 1753 3854 Probrxxv
1764 3815 1778 3857 ,
1801 3756 1826 3866 )
1851 3759 2020 3868 perinde
2039 3783 2088 3842 ac
2175 3773 2176 3868 ἶ

551 3856 579 3946 fi
601 3891 623 3948 a
643 3862 791 3951 viribus
821 3867 872 3948 od
892 3883 1082 3949 centrum
1102 3865 1202 3949 illud
1226 3865 1493 3950 tendentibus
1516 3887 1787 3978 urgerentur,
1816 3863 2092 3969 &babebum
2175 3905 2176 3952 ÷

551 3991 776 4060 turmotus
806 3998 1028 4084 corporum
1048 3971 1089 4057 se
1110 3995 1258 4060 mutuo
1285 3973 1550 4062 trabentium.
1608 3973 1735 4094 QE.
1755 3971 1791 4060 1.
2175 3955 2176 4038 i

570 4151 575 4162 ’
666 4155 1094 4248 PROPOSITIO
1132 4157 1739 4250 LXHLPROBLEMA
1774 4159 1983 4248 xxxix.

552 4352 796 4491 Corporum
828 4345 1014 4448 duorum
1042 4385 1140 4483 quo
1174 4347 1363 4448 Viribus·
1379 4349 1602 4484 quadrato
1623 4345 1838 4481 distantiae
1848 4355 1947 4470 [ιιι
1978 4349 2097 4450 reci·

614 4485 1169 4719 procejroportionalibus
1180 4493 1235 4608 se
1262 4513 1413 4586 mutuo
1433 4485 1646 4610 trahunt,
1667 4485 1810 4624 deque
1829 4484 1931 4586 locis
1950 4483 2097 4612 datis,

611 4628 750 4743 secun
780 4656 859 4718 um
892 4619 1023 4720 datos
1053 4622 1236 4752 rebius,
1284 4622 1403 4724 datis
1426 4661 1526 4724 cum
1556 4621 1865 4726 Velocitatr'bas
1901 4651 2093 4750 exeunt,

567 4857 575 4870 ,
622 4755 926 4860 determinare
949 4759 1116 4896 Motus.
1939 4893 1946 4910 ι
2033 4895 2101 4982 Ex
