4368 5672
331 331 692 424 ntttttctnta
754 325 1326 429 ntnrtenntattcn.
1557 338 1639 462 ρ

99 515 218 604 Unde
249 510 378 597 etiem
410 503 735 595 intersedliones.
757 502 999 596 Sefflonom
1037 509 1290 601 Conicarum
1324 513 1369 600 δι
1402 511 1636 603 Curvarum
1671 533 1809 622 Lura

107 625 226 712 tettiae
249 617 489 732 potestatis,
531 641 583 699 eo
611 618 727 724 quod
756 607 825 702 sex
852 603 932 700 else
959 615 1148 726 pollunt‚
1179 620 1294 708 simul
1321 627 1530 733 prodeunt
1559 651 1632 738 per
1653 615 1828 695 Pramus.

105 739 346 844 aquationes
374 727 446 814 sent
480 724 811 820 dimenfionon,
855 727 901 812 dr
939 725 1249 818 interfectiones
1284 733 1457 818 duarum
1487 734 1640 823 Curva-

103 869 180 930 run
209 839 348 928 tertiae
376 833 610 962 potestatis,
637 835 735 943 quia
762 861 914 920 norem
941 834 1022 920 elle
1049 837 1247 944 pollent,
1285 841 1399 926 simul
1430 847 1638 952 prodeunt
1758 927 1762 934 .

99 979 159 1062 per
195 955 450 1060 aquationes
486 941 790 1031 dtmensrnnum
829 969 997 1033 novem.
1057 947 1101 1032 ld
1131 949 1207 1032 nist·
1234 951 1458 1036 necellario
1484 949 1639 1052 lieret,

100 1061 292 1146 reducere
318 1057 464 1144 liceret
493 1052 751 1142 Problemata
779 1056 917 1141 oortria
946 1053 1088 1140 Solidn
1116 1061 1166 1141 ad
1188 1057 1333 1156 Plana,
1363 1061 1639 1170 &plusquam

100 1169 228 1256 Solida
265 1171 318 1255 ed
345 1165 494 1253 Solidt.
567 1160 744 1271 Loquor
783 1161 852 1247 hic
878 1165 932 1248 de
960 1161 1111 1262 Curris
1140 1167 1338 1273 potestate
1367 1164 1640 1256 irreducioili·

101 1281 179 1364 bus.
236 1273 354 1360 Nam
384 1271 413 1358 st
438 1273 610 1381 equatio
638 1297 711 1379 per
739 1293 863 1378 quam
890 1271 1030 1360 Curva
1059 1271 1288 1371 definitur,
1318 1279 1368 1360 nd
1397 1277 1638 1364 inferiorem

100 1385 335 1498 potestatem
363 1382 507 1466 reduci
535 1378 686 1487 poffitt
727 1379 866 1465 Curva
891 1405 978 1468 non
1005 1383 1085 1466 etit
1114 1386 1266 1479 unica,
1300 1380 1371 1470 sed
1399 1408 1452 1470 ert
1479 1387 1640 1472 duabus

103 1499 161 1582 rel
187 1491 372 1605 pluribus
397 1487 645 1598 compelita,
673 1511 848 1597 quarum
874 1490 1183 1578 intersefiiones
1211 1517 1283 1602 per
1312 1493 1491 1579 calculos
1509 1496 1640 1580 dlven

101 1606 155 1692 lot
181 1597 346 1690 seotsuu
385 1597 557 1684 inveniti
587 1595 761 1706 pollunt.
826 1602 892 1684 nd
920 1605 1101 1686 eundem
1131 1607 1301 1688 modum
1331 1601 1639 1690 intersettionen

104 1715 202 1816 bine
227 1707 431 1797 testarum
468 1708 510 1792 δε
535 1703 762 1796 leotronam
789 1707 1043 1794 Conicatutn
1070 1713 1278 1819 prodeunt
1306 1712 1461 1819 semper
1489 1733 1561 1820 per
1588 1737 1639 1798 re·

102 1823 310 1934 quntiones
338 1820 513 1905 duarum
540 1814 865 1913 dioteufionutnr
886 1837 1014 1904 nernae
1042 1820 1243 1912 testarum
1273 1817 1316 1904 ὅτ
1337 1821 1569 1906 Certatum
1587 1821 1641 1906 ir·

102 1930 384 2016 teducibilium
423 1925 556 2009 tettiae
600 1923 809 2032 potestatis
834 1947 911 2030 pet
938 1929 1192 2038 aquationes
1220 1929 1382 2027 trium,
1424 1938 1638 2040 quaternae

104 2039 295 2124 testatum
323 2036 365 2120 ἃ
395 2033 629 2119 Curvarum
657 2034 981 2120 irteducibilium
1002 2059 1159 2146 quartae
1179 2039 1387 2146 potestatis
1408 2065 1479 2148 per
1506 2063 1640 2148 tequa-

102 2150 227 2234 tiones
256 2141 558 2231 dimensronnm
588 2161 793 2252 quatuor,
825 2143 868 2228 δι
894 2135 1016 2229 stein
1044 2143 1263 2230 infinitum.
1304 2143 1418 2254 Ergo
1445 2143 1565 2230 tedlae
1594 2145 1639 2232 dc

104 2257 258 2364 Spitalis
287 2249 591 2340 intersediones
621 2275 799 2336 nurnero
825 2253 1030 2344 infinitae.
1059 2279 1157 2340 cunt
1185 2252 1324 2338 Curta
1353 2253 1517 2360 hentfit
1546 2252 1638 2340 dm·
1760 2267 1768 2288 ⁸

102 2369 190 2476 plex
218 2365 260 2452 &
288 2365 332 2448 in
361 2357 520 2446 Curras
548 2359 686 2470 plures
712 2358 1009 2458 irredncibilis,
1037 2363 1256 2472 requirunt
1287 2363 1542 2472 aquationes
1561 2387 1640 2448 nu·

103 2503 215 2562 mero
241 2469 544 2558 dimensronunt
584 2466 626 2550 ἃ
655 2469 840 2552 radicum
868 2467 1081 2564 infinitas,
1129 2469 1278 2578 quibus
1304 2461 1638 2582 omnet'possirnt

104 2586 214 2670 stmul
251 2577 446 2666 exhiberi.
509 2575 579 2661 Est
605 2577 722 2660 enim
752 2581 897 2660 eadem
924 2579 1110 2664 omnium
1139 2583 1207 2666 lex
1234 2579 1276 2664 δι
1303 2580 1415 2664 idern
1443 2582 1637 2668 calculus.

103 2697 204 2780 Nam
227 2690 257 2778 fi
283 2717 306 2774 a
334 2689 435 2798 polo
450 2687 502 2770 in
529 2683 679 2770 retiam
716 2685 826 2770 illam
863 2686 1068 2771 secantem
1095 2691 1338 2772 demittatur
1362 2689 1638 2798 perpendicuf

102 2807 204 2898 lum,
232 2799 277 2886 δι
295 2796 636 2908 perpendiculum
655 2794 757 2878 illud
777 2817 857 2878 una
876 2821 972 2880 cum
990 2797 1155 2904 secante
1182 2799 1419 2882 revolvatur
1438 2799 1546 2883 circa
1565 2817 1640 2908 po·

102 2915 207 3009 lom,
234 2902 544 2998 intersefiiones
562 2901 726 3008 Spitalir
743 2902 969 2990 transtbnnt
991 2912 1033 2989 in
1052 2904 1093 2989 se
1113 2925 1287 3000 mutuo,
1316 2927 1490 3017 quaque
1508 2903 1638 3015 prima

102 3041 181 3106 etat
198 3021 271 3107 seu
287 3015 497 3123 proxima,
528 3009 616 3121 post
635 3036 758 3097 unam
778 3015 1078 3098 revolutionem
1103 3014 1276 3099 secunda
1297 3020 1401 3112 erit,
1430 3013 1519 3122 post
1536 3018 1639 3100 duas

102 3136 241 3228 tertia,
270 3127 313 3209 ἃ
333 3122 389 3209 fic
407 3122 626 3228 deinceps:
639 3144 728 3208 -nec
747 3121 904 3204 interea
924 3121 1148 3206 mutabitur
1163 3145 1197 3203 ae
1231 3123 1344 3206 natio
1365 3121 1438 3206 nist
1455 3150 1531 3231 pto
1548 3147 1639 3209 mu·

102 3261 177 3326 tata
205 3231 493 3345 magnitudine
523 3227 802 3339 quantitatum
821 3254 894 3335 pet
913 3255 1013 3419 exuas
1033 3227 1180 3338 positio
1198 3148 1370 3314 iecantis
1388 3233 1639 3316 determina·

104 3373 176 3434 tur.
219 3345 353 3430 Unde
381 3361 477 3424 cum
497 3336 747 3448 quantitates
765 3335 844 3420 illae
863 3339 934 3444 pol
969 3336 1141 3460 fingulas
1157 3338 1440 3425 revolutiones
1460 3339 1638 3421 redeunt

101 3464 150 3544 ad
169 3449 472 3566 magnitudines
499 3449 677 3553 primas,
709 3444 888 3553 aequatio
915 3445 1070 3538 retlibtt
1095 3446 1145 3528 ad
1174 3443 1349 3530 formam
1375 3445 1568 3554 primatu,
1595 3467 1646 3530 a·'

102 3571 260 3676 deoque
289 3585 371 3646 una
398 3553 857 3664 eademqueexlribebit
877 3550 1184 3640 intersediiones
1203 3577 1371 3650 omnes,
1392 3551 1436 3636 δι
1452 3579 1500 3661 ρτ
1558 3573 1639 3638 ter·

102 3705 146 3762 ea
164 3663 503 3760 radiceehabebit
522 3680 699 3750 numero
719 3664 853 3750 infirm
879 3661 1079 3772 equibus
1097 3686 1242 3746 omnes
1259 3661 1444 3746 exhiberi
1460 3685 1515 3772 po
1549 3681 1638 3749 unt.

101 3783 254 3896 Nequit
285 3797 389 3888 ergo
417 3769 652 3888 intersetlio
679 3768 800 3874 retlae
829 3687 1054 3880 &iSpi'ralis
1080 3797 1152 3878 per
1181 3771 1456 3896 aequationem
1478 3769 1637 3874 finitam

102 3889 342 4008 generaliter
370 3881 578 3978 inveniri,
591 3877 644 3980 v.&
667 3881 828 3965 idcirco
855 3882 975 3971 nulla}
993 3900 1104 3965 extat
1125 3881 1263 3967 Ovalrs
1281 3877 1399 3984 cujus
1418 3889 1637 3974 atealtec·

103 4013 148 4092 tis
173 3994 382 4112 imperatis
402 3988 617 4085 abscilla,
672 3987 795 4106 poffit
824 4013 897 4099 per
926 3991 1050 4079 talem
1078 3986 1355 4099 aequationem
1390 3989 1637 4097 generaliter

100 4114 288 4213 exhibetl.

150 4236 610 4413 Eodeni⁸argumentm
635 4231 669 4378 'st
697 4209 1066 4406 intei‘vallum'poli
1095 4289 1136 4373 &
1165 4285 1327 4401 pondi,
1356 4313 1445 4403 quo
1472 4233 1636 4406 Spiralis

102 4421 343 4514 describitur
349 4400 382 4512 ζ
396 4407 578 4516 capiatur
593 4401 736 4496 Oratis
755 4401 982 4508 perimetto
997 4395 1179 4484 abiail&
1362 4403 1636 4511 iomlefflro.

105 4531 183 4620 bati
197 4521 334 4642 potest
360 4519 477 4632 quod
494 4513 715 4704 ¹⁰¹¹ff¹¹¹d9
742 4509 952 4618 perimetri
975 4512 1126 4633 ‘nequit
1152 4533 1224 4617 pet
1280 4512 1407 4638 uitam
1436 4513 1637 4621 aeqttatio·

98 4665 193 4726 netn
225 4631 479 4749 generaliter
515 4651 563 4708 et
595 4619 710 4710 tbert.
773 4617 840 4704 De
868 4616 1063 4702 Ovaltbut
1090 4631 1239 4704 'autem
1265 4619 1513 4732 luoloqttor
1538 4641 1643 4736 quer

98 4775 184 4838 non
209 4759 484 4858 tanguntuta
511 4731 652 4844 figuris
680 4725 919 4840 „conjugatis
946 4727 990 4814 in
1016 4723 1223 4818 infinitum
1251 4731 1530 4843 pergentibus.
1634 4835 1638 4845 Ι

783 4983 874 5069 Na
935 4944 984 4956 Η
1078 5101 1080 5106 Ι
1501 4971 1634 5064 Corol-
