4390 5680
235 463 251 529 s
489 417 567 506 352
808 381 1336 488 Pllluosol’lllm·
1377 381 1798 476 NATURALiS

263 625 323 697 Β,
339 617 457 689 moro
493 570 678 662 moribus
710 569 1062 664 revolvebatur,
1217 571 1364 655 'tratur
1381 565 1573 679 systema·
1595 586 1731 654 totum
1750 565 1948 680 Legibus
1964 569 2056 656 Me-

265 706 471 772 mawron
491 683 775 777 chauicisrvas
795 680 1005 790 &globus
1027 681 1071 765 in
1109 707 1133 764 e
1151 682 1331 768 inrlcen
1353 699 1480 788 agent
1504 677 1710 762 mediante
1728 674 1892 771 fluido,
1913 705 2060 790 neque

495 809 638 882 motus
663 789 758 876 suos
786 796 831 874 in
861 790 902 872 se
934 811 1083 874 mutuo
1110 815 1186 900 per
1212 786 1389 874 fluidum
1422 811 1651 896 propagare
1675 789 1787 896 prius
1810 785 2059 888 cessabunt,

496 924 623 1014 quam
644 923 790 984 eorum
813 919 1000 1005 tempora
1021 900 1229 1010 periodica
1255 915 1478 1008 aequentur
1493 897 1605 980 inter
1622 893 1700 993 se,
1729 893 1772 980 de
1788 895 1967 1010 Systetm
1990 919 2059 984 to·

498 1033 590 1099 tum
608 1009 660 1094 ad
678 1007 803 1098 instar
819 1007 1006 1118 corporis
1025 1010 1148 1094 unius
1166 1009 1286 1095 solidi
1305 1006 1421 1091 fimul
1442 1005 1692 1092 revolvatur.

1168 1225 1376 1312 Semnum.

504 1515 512 1528 .
557 1451 611 1541 In
636 1451 699 1538 his
727 1446 922 1537 omnibus
946 1453 1131 1560 suppono
1154 1441 1334 1532 fluidum
1371 1471 1428 1532 ex
1448 1447 1617 1531 materia
1645 1447 1786 1556 quoad
1815 1443 2059 1534 densitatem
2116 1444 2124 1460 '

501 1563 540 1660 ‚a
559 1560 807 1648 fluiditatem
823 1560 1025 1646 uniformi
1050 1556 1248 1643 constare.
1306 1555 1415 1641 Tale
1434 1555 1494 1640 est
1517 1557 1669 1665 inquo
1687 1555 1837 1668 globus
1853 1556 1967 1642 idem
1991 1583 2061 1643 eo·

501 1675 601 1759 dem
628 1694 727 1755 cum
756 1687 907 1759 motu.
949 1669 992 1752 in
1020 1669 1170 1752 eodem
1196 1666 1394 1776 temporis
1414 1666 1657 1760 intervallo,
1685 1689 1823 1750 motus
1842 1665 1991 1750 fimiles
2018 1667 2062 1752 dc

505 1781 707 1891 aequales,
736 1779 789 1862 ad
812 1777 988 1886 aequales
1009 1775 1166 1880 semper
1186 1804 1208 1860 a
1227 1775 1269 1859 se
1294 1774 1536 1872 distantias,
1575 1774 1710 1860 ubivis
1731 1777 1775 1859 iu
1804 1771 1940 1860 fluido
1958 1802 2063 1862 con·

502 1886 678 1974 ,stitutus
695 1905 725 1986 ‚'
746 1911 974 1996 propagare
1003 1883 1137 1994 poffit.
1201 1884 1394 1972 Con'atm
1413 1885 1585 1993 quidem
1614 1887 1784 1970 materia
1805 1905 2062 1993 permotum

502 1995 624 2084 suum
650 1997 895 2081 circularem
922 1997 1119 2080 recedere
1146 1995 1199 2081 ab
1220 2021 1297 2080 axe
1328 1993 1550 2090 vorticis,
1600 1993 1644 2077 dr
1672 2013 1891 2102 propterea
1909 1997 2062 2104 premit

374 2163 378 2175 ·
506 2105 722 2197 materiam
743 2129 913 2190 omnem
935 2105 1189 2190 ulteriorem.
1235 2104 1300 2189 Ex
1318 2103 1393 2187 hac
1413 2100 1616 2209 preffione
1634 2102 1682 2186 fit
1699 2103 1865 2189 attritus
1883 2105 2065 2212 partium

506 2214 659 2302 fortior
689 2213 732 2300 de
758 2213 960 2323 separatio
987 2213 1039 2298 ab
1071 2215 1249 2301 invicem
1268 2209 1509 2310 difficilior;
1562 2211 1605 2296 dt
1626 2237 1701 2320 per
1720 2212 1978 2322 consequens
1994 2214 2063 2298 di·

507 2324 711 2428 minuitur
730 2324 910 2410 materiae
928 2317 1119 2410 fluidiras·
1174 2323 1328 2410 Rursus
1350 2319 1377 2404 fr
1397 2341 1533 2429 partes
1552 2317 1670 2406 fluidi
1688 2321 1938 2408 luntalicubi
1959 2323 2063 2409 cras·

508 2433 633 2520 fiores
650 2434 721 2521 seu
740 2431 937 2543 majores,
954 2430 1145 2538 'fluiditas
1163 2433 1229 2517 ibi·
1243 2433 1378 2518 minor
1397 2431 1500 2523 erit,
1519 2429 1576 2514 ob
1595 2431 1810 2540 pauciores
1829 2430 2062 2542 superficies

507 2546 554 2629 iu
583 2546 734 2653 quibus
761 2564 894 2649 partes
922 2541 1160 2650 separentur
1186 2538 1237 2628 ab
1268 2542 1463 2628 invicem.
1556 2539 1606 2624 In
1642 2541 1879 2650 hujusmodi
1907 2540 2065 2630 cafibus

509 2651 776 2756 deficientem
797 2647 1046 2740 fluiditatem
1065 2655 1129 2736 vel
1150 2652 1382 2737 lubricitate
1401 2649 1579 2757 partium
1597 2653 1664 2734 vel
1683 2653 1844 2736 lentore
1856 2653 1984 2736 aliave
1993 2653 2066 2738 ali·

511 2854 514 2862 ,
545 2788 596 2849 ua
611 2761 858 2848 conditione
878 2757 1033 2844 rellitui
1054 2760 1247 2868 suppono.
1288 2760 1387 2844 Hoc
1410 2757 1482 2844 nifi
1511 2757 1604 2856 liat,
1636 2763 1805 2846 materia
1834 2759 1907 2846 ubi
1927 2763 2068 2848 minus

511 2787 641 2956 iuius
657 2869 720 2953 est
740 2869 868 2979 magis
884 2867 1110 2953 cohaerebit
1129 2867 1358 2980 &segnior
1377 2867 1481 2968 erit,
1519 2871 1710 2980 adeoque
1726 2889 1883 2954 molum
1904 2873 2067 2960 tardius

511 2977 713 3086 recipiet,
734 2975 779 3062 ὅ(
798 2977 961 3088 lougius
979 2979 1220 3088 propagabit
1241 3002 1366 3089 quam
1387 3002 1463 3084 pro
1485 2979 1646 3063 ratione
1665 2974 2062 3088 superiusaffiguata.

511 3088 556 3194 ‚si
578 3087 707 3200 figura
737 3085 835 3178 vasts
867 3113 951 3172 non
983 3084 1027 3172 stt
1049 3089 1276 3197 sphaerica,
1326 3086 1601 3172 movebuntur
1631 3087 1836 3197 particule
1872 3085 1919 3172 iu
1938 3089 2081 3192 lineis,

511 3225 599 3298 non
618 3197 886 3300 circularibus
912 3197 980 3282 fed
1010 3197 1296 3286 conformibus
1324 3201 1459 3282 eidem
1481 3195 1578 3282 vafra
1597 3197 1773 3308 figurae,
1812 3199 2068 3306 &tempora

394 3345 408 3360 ¹
512 3308 723 3421 periodica
764 3327 886 3392 erunt
927 3328 973 3392 ut
1011 3309 1207 3418 quadrata
1247 3307 1518 3392 mediocrium
1552 3304 1830 3396 distantiarum
1860 3333 1884 3392 a
1913 3329 2066 3396 centro

514 3418 841 3533 quamproxime.
894 3413 938 3502 ln
962 3417 1145 3528 partibus
1165 3419 1274 3504 inter
1297 3437 1488 3502 centrum
1508 3414 1551 3500 &
1570 3417 1974 3515 circumferentiam,
1996 3421 2065 3504 ubi

515 3532 662 3635 latiora
680 3529 773 3614 funt
792 3526 940 3634 spatia,
967 3528 1169 3614 tardiores
1188 3547 1312 3614 erunt
1332 3548 1469 3614 motus
1489 3587 1500 3618 ‚
1537 3525 1609 3610 ubi
1629 3529 1859 3640 angustiora
1881 3529 2064 3616 velocia·

515 3665 613 3733 res,
658 3661 798 3760 neque
828 3656 966 3720 tamen
998 3639 1208 3747 particular
1235 3640 1461 3722 velociores
1492 3654 1640 3744 petent
1671 3639 2060 3726 circumferentiam.

515 3750 782 3854 prensenrm
801 3742 1030 3828 describent
1054 3749 1187 3831 minus
1207 3744 1432 3839 curvom&
1450 3769 1623 3830 conatus
1641 3751 1861 3834 recedendi
1883 3769 2058 3832 aceutro

513 3881 602 3944 nun
623 3855 757 3940 minus
780 3853 1035 3939 diminuetur
1056 3883 1128 3960 per
1147 3859 1463 3940 decrementum
1491 3855 1611 3963 hujus
1634 3881 1895 3951 curvaturae,
1933 3885 2058 3968 quam

516 3964 738 4074 augebitur
758 3992 830 4072 pet
860 3965 1165 4050 incrementum
1194 3965 1436 4050 velocitatis.
1500 3963 1720 4074 Pergendo
1736 3995 1759 4052 a
1777 3967 1911 4072 spatiis
1932 3995 2058 4079 angu-

515 4071 705 4162 stioribus
721 4076 763 4158 itt
785 4075 926 4160 latiora
949 4076 1146 4160 recedent
1166 4077 1288 4183 paulo
1308 4075 1471 4200 longius
1489 4097 1694 4171 acentro,
1722 4076 1791 4161 fed
1809 4077 1885 4163 illo
1903 4077 2060 4168 recessu

516 4184 749 4286 tardefcent
760 4237 772 4280 ‚
803 4185 842 4270 ft
863 4185 1103 4271 accedendo
1122 4185 1261 4294 postea
1281 4187 1334 4269 de
1354 4183 1568 4270 latioribus
1587 4188 1638 4271 ad
1656 4187 1888 4296 angustiora
1907 4190 2062 4277 accele-

514 4296 742 4390 rabuntur;
779 4291 822 4379 dc
842 4292 893 4378 sac
922 4321 995 4406 per
1026 4296 1138 4378 vices
1166 4294 1394 4380 tardefcent
1424 4294 1465 4376 ἃ
1496 4295 1832 4382 accelerabamus
1850 4301 2062 4408 particulae

516 4405 682 4516 singulae
701 4407 745 4492 iu
767 4425 1024 4511 perpetuum.
1064 4401 1191 4498 ‚Haec
1214 4403 1268 4486 ita
1296 4402 1338 4489 se
1355 4401 1565 4487 habebunt
1585 4405 1629 4486 in
1647 4405 1738 4488 vase
1757 4407 1906 4515 rigido.
1947 4408 2064 4494 Nem

517 4515 560 4598 in
582 4513 714 4600 fluido
735 4512 897 4597 infinito
926 4509 1168 4601 constitutio
1190 4511 1412 4601 Vorticum
1433 4512 1653 4601 innotescit
1673 4539 1746 4624 per
1765 4515 2069 4628 propositionis

515 4621 635 4732 ltu'us
654 4623 926 4710 Corollarium
945 4624 1117 4710 sextum.

569 4649 845 4838 i’roprietates
873 4755 1013 4817 autem
1039 4735 1260 4828 Vorticum
1300 4733 1375 4818 hac
1402 4729 1689 4842 Propofitione
1717 4735 1961 4852 investigare
1986 4763 2069 4826 co·

518 4865 637 4938 natus
656 4841 744 4934 sum
764 4899 778 4944 ,
809 4862 854 4931 ut
886 4863 1166 4953 pertentarem
1185 4843 1294 4956 iqua
1313 4843 1473 4934 tatione
1493 4843 1769 4934 Phoeuomeua
1788 4850 1964 4937 coelestia
1983 4851 2072 4958 per

1919 4961 2074 5050 Vorti-
