4372 5678
969 60 981 110 Ι

547 413 650 516 '320
861 407 1358 506 PHILOSOPHIAE
1411 401 1819 510 NATURALIS

357 605 415 677 Dr
435 600 551 671 Moru
573 593 751 700 ¹132,645
772 590 815 678 in
834 590 984 678 Medio
1005 599 1129 686 aeris.
1148 591 1213 674 vel
1233 615 1357 700 grana
1383 616 1400 671 1
1410 587 1504 686 aaa
1524 588 1567 674 iu
1593 611 1749 684 vacum
1781 583 1824 668 &
1853 579 2003 694 globus
2024 585 2118 694 qui·

334 691 540 760 cmm
569 699 673 828 libet
691 703 791 788 alius
806 701 868 788 est
886 725 932 788 ut
952 699 1136 790 excelsus
1154 701 1349 812 ponderis
1378 700 1465 808 ejus
1484 704 1527 784 in
1549 721 1682 782 vacuo
1699 693 1818 805 supra
1836 701 2002 806 pondus
2024 705 2117 802 ejus

526 834 660 895 ·tna
695 837 757 897 ua.

623 837 777 1028 Εἶρα.
812 947 856 1002 t.
877 917 1064 1028 Globus,
1089 907 1210 1024 cujus
1230 915 1393 1027 pondus
1411 935 1500 1001 erat
1526 917 1622 1026 1565
1649 941 1870 1025 granorum
1893 919 1935 1002 itt
1956 943 2054 1004 aere
2072 917 2115 1006 dc

567 1055 619 1137 77
648 1057 870 1140 granorum
899 1031 943 1114 in
970 1057 1101 1140 aqua,
1129 1028 1388 1114 altitudinem
1418 1047 1549 1110 totam
1576 1026 1803 1133 digitorum
1827 1057 1900 1110 112
1923 1049 2114 1136 tempore

566 1141 822 1226 minutorum
851 1159 1030 1248 quatuor
1050 1139 1327 1223 secundorum
1346 1132 1566 1242 descripsit.
1614 1135 1669 1219 Et
1689 1137 1975 1243 experimento
1993 1164 2114 1246 repe·

565 1249 672 1346 tito,
694 1249 840 1358 globus
860 1248 1011 1333 iterum
1034 1247 1185 1334 cecidit
1204 1250 1354 1330 eodem
1373 1267 1560 1355 tempore
1578 1244 1835 1330 minutorum
1853 1268 2033 1357 quatuor
2052 1247 2112 1332 se·

565 1361 814 1443 cundorutn.

621 1469 786 1552 Pondus
804 1465 917 1576 globi
941 1466 982 1550 in
1006 1441 1138 1549 vacuo
1154 1462 1214 1549 est
1237 1463 1311 1570 156
1333 1472 1361 1564 'l
1374 1489 1517 1574 gran,
1547 1460 1589 1547 δι
1612 1459 1796 1549 excelsus
1818 1462 1937 1566 hujus
1957 1469 2108 1574 ponde·

565 1581 621 1662 ris
638 1574 755 1681 supra
774 1581 938 1686 pondus
957 1575 1069 1686 globi
1101 1575 1144 1658 in
1172 1598 1277 1682 aqua
1297 1535 1354 1655 eil
1376 1595 1427 1682 79
1443 1583 1469 1682 3
1480 1599 1596 1682 gran.
1680 1575 1811 1657 Unde
1839 1575 1978 1679 prodit
1998 1577 2106 1686 globi

563 1687 764 1768 diameter
793 1685 978 1792 0,84224
1009 1689 1185 1790 partium
1215 1681 1349 1792 digiti.
1414 1681 1483 1762 Est
1513 1702 1653 1766 autem
1682 1703 1728 1765 ut
1757 1679 1940 1766 excelsus
1961 1685 2030 1770 ille
2062 1689 2105 1772 ad

562 1793 727 1902 pondus
751 1794 865 1902 globi
902 1795 944 1877 in
975 1815 1139 1888 vacuo,
1185 1791 1241 1874 ita
1266 1787 1438 1873 densitas
1464 1814 1585 1898 aquae
1622 1795 1673 1875 ad
1704 1791 1945 1877 densitatem
1962 1792 2105 1905 globi.

563 1899 608 1984 dc
636 1904 692 1987 ita
723 1899 856 2009 partes'
893 1901 989 1986 osio
1018 1901 1152 1984 tertiae
1182 1899 1381 2010 'diametri
1412 1898 1525 2008 globi
1553 1899 1682 2000 (viz.
1705 1927 1877 2008 2,24597
1899 1901 2019 2012 dig.)
2059 1907 2105 1988 ad

560 2009 735 2120 spatium
773 2041 792 2092 2
810 2011 845 2096 F
859 2070 873 2110 ,
909 2013 1025 2121 quod
1046 2010 1220 2119 proinde
1252 2009 1330 2092 erit
1351 2009 1505 2115 4,4256
1526 2009 1600 2118 dig.
1644 2007 1807 2094 Globus
1828 2033 2013 2120 ternpore
2035 2019 2105 2098 mi·

561 2121 654 2204 nuti
673 2119 793 2204 unius
822 2117 1026 2217 secundi,
1066 2137 1161 2202 toto
1187 2117 1261 2203 suo
1289 2120 1473 2227 pondere
1501 2143 1725 2225 granorum
1758 2121 1888 2234 1563,
1918 2125 2104 2208 cadendo

560 2227 605 2313 in
625 2251 764 2313 vacuo·
776 2229 975 2314 describet
996 2228 1152 2338 digitos
1177 2237 1303 2341 193·i³
1342 2224 1385 2310 &
1403 2230 1590 2334 pondere
1608 2251 1830 2340 granorum
1856 2257 1927 2334 77,
1954 2233 2104 2318 eodem

559 2353 785 2446 tempore,
844 2338 997 2449 absque
1029 2335 1251 2424 resistentia
1280 2338 1469 2421 cadendo
1500 2335 1542 2420 in
1574 2363 1680 2445 aqua
1715 2335 1916 2422 describet
1953 2343 2103 2452 digitos

556 2445 1018 2662 triturabitur
1037 2443 2102 2668 i..tll¹⁰l.s¹{,².l.l¹lll¹tdlllllglllttl

562 2669 717 2763 2‚2128
739 2667 815 2776 drg.
837 2665 877 2748 tlt
899 2665 1163 2749 velocitatem
1193 2671 1408 2748 maximam
1427 2661 1477 2747 H
1497 2673 1688 2772 acquiret¹
1714 2688 1891 2776 quacum
1910 2669 2047 2776 potest
2063 2673 2099 2754 in

418 2825 425 2842 ·
555 2799 666 2884 aqua
694 2773 956 2864 descendere.
1015 2771 1084 2856 Est
1123 2772 1247 2883 igitur
1284 2793 1444 2879 tempus
1472 2771 1517 2857 G
1547 2795 1764 2882 0“.15244·
1820 2773 1873 2860 Et
1902 2775 2101 2866 boetem·
2176 2777 2177 2821 ³

452 3017 458 3030 ·
558 2882 882 3102 sinibaldi.
904 2881 1125 3099 i‘l'flsf‘
1139 2877 2098 3105 tlltltlltiitdlllillffillud?

554 3081 793 3185 cundorum
813 3099 1018 3184 describet
1046 3097 1219 3207 spatium
1251 3099 1477 3210 digitorum
1502 3099 1714 3208 116,1245.
1743 3099 2007 3192 subducatur
2027 3107 2098 3216 spa·
2175 3118 2176 3139 ¹

555 3211 665 3293 tium
690 3207 958 3321 t,3862944F
985 3208 1055 3294 seu
1080 3211 1231 3310 3‚0676
1251 3210 1325 3318 dig.
1359 3206 1403 3292 δι
1422 3206 1605 3294 mauebit
1624 3208 1792 3318 spatium
1820 3221 2027 3326 113‚0569
2047 3219 2099 3302 di·

556 3327 740 3429 gitorum
761 3322 875 3430 quod
896 3317 1040 3430 globus
1059 3320 1248 3402 cadendo
1270 3317 1312 3400 in
1333 3341 1463 3426 aqua,
1485 3317 1529 3400 in
1549 3317 1638 3403 vase
1657 3321 1918 3428 amplillimo,
1945 3347 2101 3436 tempo·

542 3455 604 3513 te
633 3427 888 3514 minutorum
919 3448 1099 3538 quatuor
1127 3428 1404 3512 secundorum
1433 3424 1643 3530 describet.
1699 3429 1800 3516 Hoc
1824 3432 2025 3541 spatium.
2050 3435 2101 3520 ob

556 3537 780 3648 angustiam
809 3535 904 3620 vasts
932 3539 1056 3648 lignei
1075 3533 1288 3644 ptaedisli,
1330 3535 1460 3618 minui
1486 3533 1611 3621 debet
1633 3537 1675 3620 itt
1697 3539 1858 3626 ratione
1877 3567 1973 3651 quae
1993 3573 2102 3630 com.

615 3647 725 3730 nitur
754 3673 807 3730 ex
836 3644 1117 3755 subduplicata
1145 3648 1305 3730 ratione
1335 3643 1481 3729 orificii
1502 3643 1601 3730 vafis
1636 3649 1686 3730 ad
1719 3647 1926 3737 excessum
1956 3657 2103 3742 orificii

587 3763 678 3861 ujus
702 3753 820 3862 supra
848 3753 1151 3840 semicirculum
1190 3754 1413 3846 maximum
1452 3754 1564 3864 globi
1595 3753 1637 3840 u
1669 3783 1723 3842 ex
1748 3755 1915 3870 simplici
1940 3766 2102 3851 ratione
2173 3757 2174 3768 ‘

556 3864 702 3950 orificii
730 3864 912 3968 ejusdem
944 3866 995 3948 ad
1026 3859 1231 3949 excelsum
1259 3861 1347 3970 ejus
1385 3863 1502 3971 supra
1529 3863 1732 3951 circulum
1761 3872 1982 3958 maximum
2014 3877 2107 3986 glo·

553 3973 622 4067 bi,
651 3972 795 4072 idest,
825 3976 870 4058 in
900 3973 1059 4058 ratione
1085 4001 1102 4054 t
1125 3976 1175 4057 ad
1194 3997 1356 4079 o‚9914.
1411 3977 1511 4082 Qto
1531 3971 1662 4072 facio,
1692 3977 1913 4066 habebitur
1925 3982 2107 4092 spatium

560 4085 705 4186 112,08
728 4083 980 4193 digitorum,
1008 4084 1124 4192 quod
1144 4079 1308 4166 Globus
1329 4083 1519 4166 cadendo
1543 4083 1588 4168 iu
1608 4111 1713 4194 aqua
1742 4087 1786 4173 in
1811 4089 1887 4174 boc
1912 4083 2006 4176 vase
2029 4097 2110 4208 lig·
2172 4061 2173 4094 Ν

469 4201 478 4214 ”
557 4217 640 4278 neo
667 4211 856 4300 tempure
883 4195 1138 4276 minutorum
1169 4214 1348 4298 quatuor
1377 4189 1652 4282 secundorum
1680 4221 1752 4302 per
1779 4199 2009 4288 Theotiam
2037 4211 2111 4292 de·

546 4300 732 4388 scribere
767 4301 915 4386 debuit
952 4301 1278 4413 quamproxime.
1344 4298 1556 4413 Descripsit
1595 4329 1697 4390 veto
1732 4307 1885 4420 digitos
1926 4337 2006 4396 ιιι
2037 4343 2111 4428 per
2171 4375 2172 4415 r

553 4409 908 4514 Experimentum.

609 4519 764 4626 Exper.
783 4549 820 4605 2.
845 4518 955 4604 Tres
975 4517 1103 4606 Globi
1124 4519 1331 4628 aequales,
1368 4545 1549 4631 quorum
1578 4527 1761 4632 pondera
1788 4525 1954 4618 seorsim
1990 4559 2110 4626 erant

552 4630 631 4738 76³,-
656 4653 878 4737 granorum
900 4629 944 4713 in
966 4655 1060 4714 aere
1086 4627 1129 4714 dt
1151 4639 1205 4736 5.'a
1224 4653 1445 4738 granorum
1466 4633 1509 4717 in
1539 4659 1671 4746 aqua,
1711 4633 1933 4728 succeffive
1955 4647 2111 4736 demit·
2170 4649 2171 4733 l

396 4825 417 4846 ⁵
551 4737 770 4834 tebautura
791 4737 833 4824 dt
848 4737 1127 4850 unusquisque
1147 4739 1299 4825 cecidit
1319 4741 1362 4826 in
1374 4766 1479 4850 aqua
1494 4762 1681 4850 tempore
1692 4747 1951 4840 minutorum
1965 4755 2110 4846 secun·

539 4851 697 4938 dorum
719 4848 988 4961 quindecim,
1027 4847 1121 4936 casu
1139 4849 1210 4938 suo
1229 4847 1465 4942 describens
1481 4851 1743 4944 altitudinem
1764 4858 2003 4982 digitorum
2031 4897 2099 4954 tra

1982 4938 2112 5066 Com:
2169 4993 2170 5053 l

2168 5291 2169 5370 l
