4390 5680
430 335 1428 472 .nnrnc1rrrtrarrrnmn*rtol.'
1619 405 1702 514 aas

10 557 11 610 s
151 560 340 646 velocius
362 562 517 646 moveri
537 563 687 650 debeat
708 589 831 675 quam
852 564 894 648 in
914 561 1044 672 spatio
1062 564 1209 651 latiore
1227 566 1337 654 inter
1352 567 1405 651 ’D
1424 562 1467 650 dt
1488 562 1603 663 F3id
1623 559 1704 662 est,
1722 633 1743 706 s
1761 553 1900 628 ΒΜ*

150 670 195 756 in
215 669 396 778 Aphelio
424 673 605 759 velocius
624 699 749 784 quam
778 675 821 758 in
841 673 1060 762 Perihelio.
1105 679 1213 787 Quae
1240 679 1326 763 duo
1346 694 1575 788 repugnant
1595 673 1705 764 inter
1745 655 1917 712 ‘cmm'

149 777 205 865 se.
266 778 335 866 Sic
373 779 416 864 in
447 781 650 892 principio
671 781 787 893 Signi
817 781 914 870 Vir·
1180 811 1184 818 ·

149 888 294 1001 ginis,
314 885 388 974 ubi
408 889 627 993 Aphelium
649 893 795 977 Martis
818 892 903 1001 jann
1078 959 1082 968 .

149 1003 373 1096 versatur,
420 997 607 1085 distantia
642 1001 753 1088 inter
780 1001 902 1088 orbes

151 1105 371 1194 Martis&
393 1105 569 1195 Veneris
598 1105 658 1194 est
687 1119 737 1197 ad
754 1107 904 1198 distan-

10 1273 11 1280 t
153 1219 254 1302 tlarn
270 1217 502 1302 eorundem
530 1215 695 1304 orbium
718 1220 761 1306 in
791 1220 903 1328 prin·
1185 1309 1189 1316 .

155 1325 270 1436 cipio
307 1323 636 1436 SigniPiscium
665 1349 713 1414 ut
743 1329 820 1414 tria
850 1331 925 1416 ad·
1095 1353 1100 1362 ·

155 1438 245 1520 duo
284 1434 481 1530 circiter,
512 1435 556 1520 δι
573 1457 792 1547 propterea
821 1463 904 1524 ma·
963 1537 967 1546 ¹

74 1617 78 1628 .
155 1551 255 1630 teria
277 1539 463 1631 Vorticis
497 1544 611 1636 inter
651 1545 786 1634 Orbes
808 1545 901 1634 illos

151 1653 206 1740 in·
234 1652 422 1763 pincipio
452 1652 628 1740 Piscium
662 1655 791 1743 tebet
821 1655 903 1744 ene
936 1659 978 1738 n
1056 1629 1096 1704 Ε

119 1811 122 1818 =
152 1762 343 1850 velocior
372 1787 499 1874 quarn
518 1763 562 1850 in
582 1765 786 1876 principio
803 1761 905 1852 Vir·

174 1872 259 1957 ‘nis
287 1871 330 1958 in
370 1873 531 1960 ratione
560 1874 686 1961 trium
725 1878 776 1961 ad
804 1874 903 1960 duo.

193 2007 260 2068 am
293 2006 381 2092 quo
408 1981 615 2092 angustius
643 1981 702 2068 est
729 1983 903 2095 spatium
988 2027 1018 2064 ,·
1051 2073 1053 2078 ,
1163 1982 1168 1989 ’

152 2118 227 2202 per
249 2095 367 2203 quod
395 2097 541 2178 eadem
562 2089 754 2179 Materiae
774 2119 907 2205 quan·
993 2145 997 2152 -

150 2202 248 2298 titas
273 2204 432 2307 ⁸eodem
462 2201 740 2289 revolutionis
768 2202 890 2290 unius

150 2331 344 2418 tempore
365 2309 529 2412 transit,
558 2336 612 2397 eo
631 2312 885 2422 majoricam

150 2419 371 2504 velocitate
400 2418 567 2506 transire
600 2422 740 2507 debet.
802 2420 932 2533 Igitur
960 2416 1145 2507 fiTerra
1174 2417 1230 2514 in.
1247 2417 1323 2504 hac
1344 2417 1519 2504 Materia
1540 2421 1725 2513 coelelli.

149 2530 324 2616 relative
343 2531 559 2639 quiescens
576 2529 627 2614 ab
647 2555 694 2615 ea
714 2528 974 2628 deferretur,
1004 2530 1047 2615 δι
1066 2553 1147 2613 una
1167 2529 1277 2616 circa
1296 2528 1436 2614 Solem
1465 2532 1705 2618 revolvere-

151 2659 221 2725 tur
244 2697 259 2739 ‚
297 2638 405 2723 soret
427 2637 546 2748 hujus
566 2639 762 2726 velocitas
782 2639 825 2725 in
853 2640 1059 2750 principio
1078 2636 1257 2725 Piscium
1277 2639 1326 2721 ad
1350 2638 1529 2744 ejusdem
1549 2641 1702 2730 veloci-

150 2768 284 2836 tatem
301 2750 345 2833 ιιι
375 2748 583 2860 principio.
611 2747 796 2860 Virginis
830 2750 874 2835 io
912 2751 1073 2837 ratione
1103 2746 1376 2860 sesquialtera.
1441 2750 1563 2834 Unde
1594 2748 1699 2838 Solis

149 2876 293 2944 motus
310 2857 482 2945 diurnus
501 2883 698 2968 apparens
715 2862 761 2945 in
779 2859 986 2971 principio
1004 2857 1186 2970 Virginis
1209 2866 1338 2964 major
1359 2853 1457 2944 ellat
1477 2883 1604 2969 quam
1624 2860 1702 2946 mi·
1836 2925 1840 2930 -

146 2987 353 3056 notorum
380 2967 604 3075 primorum
629 2968 917 3093 septuaginta,
981 2969 1023 3054 &
1052 2969 1096 3052 in
1122 2969 1328 3076 principio
1357 2967 1532 3054 Piscium
1562 2971 1700 3058 minor

149 3103 280 3190 quam
307 3085 560 3164 minutorum
591 3075 922 3188 quadraginta&
942 3073 1068 3161 otto:
1116 3100 1213 3158 cum
1234 3095 1371 3158 tamen
1401 3079 1425 3183 (
1445 3078 1700 3184 experientia

148 3185 289 3294 telle)
302 3211 497 3297 apparens
516 3186 589 3272 ilie
607 3185 712 3272 Solis
732 3177 869 3271 motus
888 3192 1018 3288 major
1038 3181 1085 3267 stt
1104 3182 1147 3266 in
1167 3182 1372 3291 principio
1383 3179 1561 3268 Piscium
1573 3209 1701 3295 quam

147 3299 197 3382 in
218 3297 427 3406 principio
460 3294 677 3406 Virginis,
723 3294 767 3381 δι
797 3314 1018 3406 propterea
1046 3290 1182 3378 Tetra
1211 3293 1397 3377 velocior
1418 3291 1463 3376 in
1484 3290 1700 3403 Principio

148 3406 342 3518 Virginis
362 3428 485 3516 quam
504 3405 549 3490 in
570 3403 779 3514 Principio
802 3402 986 3492 Piscium.
1040 3392 1180 3511 ltaque
1201 3398 1453 3513 Hypothests
1471 3397 1697 3504 Vorticum

146 3541 253 3604 cnm
272 3514 557 3601 Phaenomenis
576 3512 876 3600 Astronomicis
906 3511 1080 3600 omnino
1100 3531 1256 3622 pugnat
1279 3574 1290 3603 ,
1357 3509 1401 3594 dr
1422 3535 1507 3597 non
1541 3529 1625 3598 tam
1647 3511 1702 3598 ad

146 3625 419 3734 explicandos
436 3650 561 3736 quam
583 3626 634 3709 ad
658 3622 961 3734 perturbandos
981 3641 1119 3708 motus
1130 3617 1317 3706 coelestes
1336 3619 1548 3705 conducit.
1584 3624 1703 3732 Quo·
1841 3677 1846 3695 .

146 3738 285 3824 modo
303 3759 404 3846 vero
423 3752 560 3820 motus
578 3732 642 3818 isti
671 3733 715 3820 in
735 3732 871 3841 spatiis
897 3733 1035 3821 liberis
1063 3727 1216 3839 absque
1241 3728 1485 3816 Vorticibus
1504 3755 1701 3842 peragun-

146 3869 225 3932 tur
242 3843 418 3954 intelligi
435 3841 569 3958 potest
589 3868 644 3932 ex
665 3843 794 3932 Libro
816 3845 975 3955 primo,
1003 3843 1039 3926 δι
1061 3842 1106 3930 in
1124 3835 1281 3929 Mundi
1297 3838 1522 3954 Syliemate
1540 3837 1701 3956 plenius

147 3951 391 4046 docebitur.
