4432 5680
661 291 1264 468 PRAEFATsQ

20 611 21 624 r
171 558 281 666 igitur
299 551 513 640 ‚cameras
539 551 592 632 in
619 545 877 638 sessionibus
907 549 1078 647 Conicis
1105 553 1323 650 umbilicos
1350 553 1392 640 in
1408 573 1569 640 centro
1596 555 1703 644 Solis

20 751 21 768 p
165 662 406 750 habentibus
443 661 636 754 moveri,
683 659 722 738 dt
749 661 868 744 radiis
895 663 944 742 ad
974 659 1111 746 Solem
1142 661 1273 746 dusiis
1303 690 1412 748 areas
1444 667 1699 772 temporibus

160 771 489 882 proportionales
525 765 767 854 describere.
806 765 905 852 'Ex
930 769 1039 852 hisce
1076 799 1176 858 vero
1210 771 1497 858 Phaenomenis
1530 773 1699 860 manisess

20 875 21 932 ³
157 885 258 968 ilum
289 882 349 964 ell
369 879 412 964 dc
430 877 726 961 Mathematicc
745 876 1071 985 comprobatur,
1113 881 1216 974 vires
1234 883 1339 987 illas,
1368 883 1522 991 quibus
1542 881 1697 968 Come-

20 1055 21 1078 ι
156 1015 210 1078 tte
227 993 465 1078 retinentur
481 985 689 1070 inonbitis
704 983 784 1076 suis
805 1043 825 1079 ‚.
866 985 1068 1094 respicere
1086 987 1225 1087 Solem
1256 987 1397 1074 &esse
1416 993 1628 1100 reciproce
1648 1014 1696 1080 ut
1807 1028 1811 1036 ·

155 1106 355 1212 quadrata
373 1095 659 1180 distantiarum
683 1091 733 1180 ab
752 1093 872 1198 ipsrus
891 1116 1046 1190 centro.
1103 1097 1323 1202 Grasritant
1343 1101 1482 1208 itaque
1504 1096 1699 1212 Cometrp‘

153 1213 377 1294 insulem:
414 1205 540 1315 atque
560 1207 664 1288 adeo
692 1201 796 1290 Solis
825 1205 888 1308 ,vis
906 1205 1114 1294 attractiva
1142 1217 1228 1290 non
1250 1228 1418 1310 ²tanturn
1438 1211 1487 1292 ad
1519 1237 1695 1320 corpora

155 1321 416 1404 Planetarum
441 1316 486 1398 in
513 1313 619 1396 datis
633 1309 830 1414 distantiis
849 1311 890 1396 δι
910 1315 953 1398 in
972 1319 1121 1412 eodem
1142 1307 1599 1424 fere'planocolloeata‚
1621 1315 1694 1410 sed

20 1475 22 1500 .
155 1437 274 1510 etiarn
304 1429 357 1509 ad
376 1423 572 1508 Cometas
590 1422 634 1506 in
652 1417 922 1511 diverfiffimis
942 1423 1163 1508 Coelorum
1180 1424 1417 1534 regionibus
1438 1425 1479 1508 dr
1499 1426 1540 1508 in
1559 1428 1694 1514 diver·

20 1545 22 1562 ¹
154 1535 304 1621 srllrmis
323 1529 520 1616 distantiis
538 1527 689 1640 pofitos
708 1531 917 1640 pertingit.
962 1531 1075 1644 [Hsaec
1094 1535 1219 1644 igitur
1238 1533 1295 1629 eli
1315 1555 1457 1638 natura
1467 1561 1692 1644 corporum

152 1643 468 1754 gravitantiumr
497 1661 544 1724 ut
562 1637 914 1731 vires'sttasedant
934 1645 982 1726 ad
1002 1663 1146 1737 omnes
1164 1639 1366 1726 distantias
1385 1649 1428 1728 in
1450 1644 1691 1730 omniacor-

20 1787 22 1814 t
154 1781 246 1860 pora
278 1749 537 1862 gravirantiass
589 1747 689 1834 lude
711 1759 810 1830 vero
839 1749 1057 1857 sequitur,
1084 1744 1291 1850 :lPlanetas
1319 1749 1361 1836 dc
1383 1745 1579 1840 Cometas
1598 1755 1691 1840 uni-

20 1957 21 1966 Ν
155 1862 284 1946 versos
299 1857 724 1952 semotuotrabere,
752 1855 805 1942 ,dc
827 1859 875 1952 ¹in
892 1859 932 1945 se
953 1881 1103 1969 mutuo(
1126 1852 1386 1969 gravcselle:
1423 1865 1538 1972 quod
1565 1855 1688 1952 etiam

154 1971 416 2056 confirmatur
437 1993 492 2050 ex
512 1965 950 2074 perturbatioreJovis
971 1966 1211 2072 &Saturni,
1241 1965 1498 2054 Astronomis
1517 1966 1689 2084 nonin·

152 2081 342 2191 cognita,
383 2075 424 2160 ἃ
443 2071 739 2167 abscisionibus
759 2074 906 2168 horum
938 2077 1197 2164 Plauetarum
1215 2079 1258 2162 in
1279 2078 1317 2160 se
1345 2079 1530 2188 invicem,
1547 2081 1686 2168 oriun-

20 2271 21 2276 Ν
153 2197 224 2285 dar
253 2189 357 2298 quin
380 2183 422 2268 dc
440 2211 490 2270 err
519 2205 634 2270 motu
654 2186 726 2271 illo
752 2185 971 2279 lenriffimo
991 2185 1221 2292 Apsidpnt,
1260 2187 1331 2294 qui
1349 2183 1688 2292 supramemorat-

20 2367 21 2380 a
149 2319 213 2383 tus
224 2299 293 2380 est
309 2359 319 2388 ‚
345 2295 505 2404 quique
521 2321 545 2376 a
560 2292 677 2378 causa
692 2291 892 2400 consutili
908 2295 1189 2398 proficiscitur.

205 2407 273 2492 uo
301 2408 468 2488 mutum
483 2402 811 2509 pervenimusur
830 2400 1052 2484 dicendum
1073 2399 1143 2498 srt,
1174 2399 1216 2484 dr
1233 2384 1409 2486 Terram
1430 2397 1473 2486 dc
1492 2401 1684 2492 Solem&

146 2535 326 2623 corpora
344 2511 482 2596 omnia
497 2507 678 2594 coelestia
700 2570 710 2600 ‚
742 2531 835 2616 qttae
854 2506 994 2596 Solem
1013 2513 1263 2592 comitantur
1283 2567 1295 2611 ,
1336 2509 1375 2594 se.
1397 2535 1543 2594 mutuo
1561 2533 1685 2599 attra-

145 2627 254 2714 here.
310 2619 575 2728 Singulorum
594 2640 694 2728 ergo
714 2616 927 2722 particule
946 2641 1116 2725 quaque
1136 2619 1314 2704 minimae
1334 2621 1438 2704 vires
1455 2617 1543 2704 suas
1560 2641 1684 2708 attra-

20 2815 21 2828 Ν
142 2732 266 2818 siivas
283 2729 519 2825 habebunt,
541 2753 619 2834 pro
635 2724 865 2835 quantitate
885 2728 1065 2812 materie
1085 2729 1307 2835 pollentem
1328 2733 1682 2837 quemadmodum

142 2843 260 2951 supra
278 2843 334 2924 de
357 2837 403 2923 T
401 2835 642 2924 erreihribus
670 2831 873 2924 ostensum
893 2835 960 2920 est.
1025 2835 1069 2918 ln
1090 2835 1253 2921 diversis
1281 2859 1418 2943 autem
1449 2835 1645 2926 distantiis
1665 2839 1684 2940 ,⁴

142 2971 265 3036 erunt
297 2949 340 3032 dr
360 2945 638 3032 harumvires
666 2943 708 3030 in
738 2944 940 3050 duplicata
959 2944 1120 3029 ratione
1145 2943 1424 3030 distantiarum
1445 2945 1682 3054 reciproce:

142 3087 236 3146 nam
255 3085 311 3147 eu
327 3053 540 3165 particulis
564 3055 639 3164 hac
660 3053 752 3161 lege
771 3054 1025 3145 trahentibus
1044 3060 1239 3164 componi
1259 3055 1412 3138 dehere
1435 3051 1598 3142 Globos
1617 3084 1681 3146 ea-

142 3175 233 3254 dem
254 3170 347 3278 lege
368 3163 598 3260 trahentes,
628 3161 924 3246 Mathematice
944 3161 1256 3248 demonstratur.
1375 3255 1379 3267 ,

190 3273 494 3364 Conclusiones
521 3272 801 3376 praecedentes
830 3270 926 3354 huic
954 3273 1188 3353 innituntur
1217 3270 1461 3369 Axiomati‚
1517 3269 1679 3380 quoda

20 3483 21 3488 p
139 3389 259 3473 nullis
295 3409 381 3470 non
410 3379 608 3487 recipitur
635 3377 913 3480 Philosophisr
951 3373 1184 3472 Effeihuum
1213 3375 1363 3456 scilicet
1393 3377 1571 3479 ejusdem
1598 3408 1680 3490 ge·

139 3501 271 3594 neris,
302 3517 484 3603 quorum
502 3513 650 3596 nempe
670 3512 764 3594 quae
783 3483 1089 3592 cognoscuntur
1107 3482 1376 3592 proprietates
1391 3483 1546 3566 eaedem
1564 3481 1678 3591 sunt,

20 3631 21 3660 ³
138 3607 299 3690 easdem
330 3599 410 3686 elle
438 3597 574 3684 causas
601 3597 642 3680 δε
663 3593 820 3684 easdem
841 3591 919 3678 else
948 3593 1217 3702 proprietates
1244 3615 1339 3782 lquae
1369 3594 1555 3678 nondum
1575 3621 1627 3681 co
1661 3644 1675 3660 ·

138 3715 377 3798 noscuntur.
442 3708 547 3820 Quis
573 3705 684 3792 enim
712 3702 908 3801 dubitat,
963 3699 1217 3800 erravitas
1261 3721 1290 3784 rt
1318 3697 1434 3808 causa
1462 3701 1608 3811 descen
1631 3736 1678 3809 us

136 3823 306 3932 Lapidis
332 3821 376 3903 in
404 3816 598 3926 Europa,
634 3815 736 3921 quin
761 3815 906 3896 eadem
935 3809 981 3893 sit
999 3809 1125 3894 *causa
1151 3805 1365 3894 descensus
1389 3809 1434 3894 in
1460 3809 1676 3917 Ameriae?

133 3937 168 4018 Si
201 3931 400 4016 Gravitas
428 3947 569 4009 mutua
605 3921 730 4008 suerit
757 3921 865 4006 inter
903 3919 1106 4034 Lapidem
1137 3921 1180 4004 ἃ
1209 3918 1385 4005 Terram
1416 3917 1460 4004 in
1487 3917 1673 4050 Europa

132 4045 225 4152 quis
256 4035 421 4150 negabit
450 4043 637 4118 mutuam
664 4028 742 4114 elle
769 4031 814 4116 in
844 4025 1072 4113 Ameriae?
1127 4029 1244 4114 Siris
1270 4023 1477 4117 attractiva
1504 4027 1674 4144 Lapidis

20 4175 21 4222 r
130 4153 170 4234 dr
188 4149 345 4234 Terrae
364 4161 670 4247 componatur„
706 4141 751 4224 in
770 4137 954 4243 Europa,
984 4159 1037 4230 ert
1054 4137 1206 4220 viribus
1223 4131 1443 4250 attrasiivis
1460 4139 1636 4246 partium
1657 4181 1672 4243 ς

129 4263 226 4368 quis
255 4253 420 4364 negabit
449 4251 618 4336 similem
646 4246 725 4334 elle
752 4245 1091 4352 compositionem
1121 4246 1163 4329 in
1184 4243 1397 4334 Ameriae?
1423 4245 1464 4330 Si
1484 4247 1672 4336 attraslio

128 4369 280 4454 Terrae
310 4367 362 4446 ad
390 4363 527 4446 omnia
553 4384 773 4464 corporum
800 4377 949 4468 genera
980 4354 1021 4438 &
1056 4355 1107 4434 ad
1134 4375 1276 4456 ornnes
1305 4349 1509 4460 distantias
1528 4383 1672 4464 propa·

132 4501 255 4584 getur
276 4476 321 4557 in
356 4470 539 4575 Europos
585 4468 728 4574 quidni
764 4463 914 4572 pariter
941 4461 1152 4570 propagari
1179 4464 1361 4574 dicamus¹
1387 4463 1672 4576 iuflArnerica}

135 4593 176 4667 ln
207 4587 283 4668 hac
313 4579 475 4688 Regula
503 4576 698 4660 fundatur
727 4573 859 4656 omnis
889 4570 1175 4674 Philosophia:
1223 4573 1376 4680 quippe
1405 4597 1486 4680 qua
1513 4569 1668 4662 sublata

132 4695 230 4778 nihil
250 4688 458 4774 affirmare
476 4683 668 4794 possamus
689 4685 740 4764 de
768 4680 991 4766 Universrs.
1046 4677 1299 4764 Constitutio
1325 4705 1463 4764 rerum
1493 4681 1663 4794 singula·

126 4829 225 4890 aum
245 4795 573 4906 innotescitlper
592 4791 906 4884 Observationes
926 4789 966 4874 dr
986 4786 1299 4902 Experimentar
1334 4787 1442 4900 inde¹
1459 4817 1557 4898 uero
1576 4817 1662 4986 no?

881 4921 905 4982 c
1126 4911 1136 4922 '
1589 4923 1663 4988 nrt
