4432 5680
994 299 1528 466 .‘u‘o··1T'·o-iti
1564 351 1592 444 s

531 552 596 642 sur
633 551 855 662 indignam.
916 548 1007 660 Qui
1044 547 1176 634 coelos
1215 542 1382 640 materia
1418 539 1546 629 dulda
1583 539 1761 648 repletos
1788 537 1868 625 elle
1896 525 2074 638 volunt,-
2207 567 2208 570 ¹

531 665 638 748 lianc
667 687 766 744 vero
796 684 879 742 non
914 661 1091 742 inertem
1120 655 1198 740 esse
1217 651 1424 748 statuunt;
1455 647 1517 738 Hi
1538 648 1671 733 verbis
1693 649 1844 734 tollunt
1857 647 2074 746 vacuum,

530 799 576 858 re
615 790 792 878 ponunt.
847 769 953 852 Nam
993 789 1088 849 cum
1127 763 1359 872 hujusmodi
1399 761 1567 846 materia
1605 755 1731 842 fluida
1772 760 1930 844 ratione
1964 760 2077 844 nulla

409 907 411 912 ·
530 880 691 966 secerni
732 873 852 986 possit
885 876 935 959 ab
964 874 1074 960 inani
1108 872 1272 982 Spatio;
1293 870 1515 976 disputatio
1546 887 1633 951 tota
1672 867 1718 951 fit
1748 869 1801 950 de
1830 894 1969 954 rerum
2002 893 2078 952 uo·.

533 988 743 1080 minibus,
789 1007 873 1081 non
905 986 957 1068 de
989 985 1152 1068 naturis.
1217 977 1403 1094 Quodsi
1441 977 1568 1084 aliqui
1598 974 1673 1060 sint
1702 980 1807 1062 adeo
1844 975 1973 1086 usque
2001 973 2078 1061 ¹de·

404 1164 405 1174 i
533 1097 612 1180 diti
642 1095 867 1190 Materiae,
907 1113 952 1175 ut
981 1091 1165 1199 Spatium
1194 1120 1215 1175 a
1244 1085 1486 1194 corporibus
1513 1105 1688 1170 uacuum
1718 1085 1831 1170 nullo
1860 1081 1978 1192 patio
2007 1087 2076 1168 ad·¹

534 1209 787 1290 mittendum
815 1203 986 1296 credere
1014 1203 1175 1297 celsata
1212 1201 1426 1286 rideamus
1456 1217 1543 1304 quo
1572 1197 1739 1280 tandem
1768 1210 1959 1304 oporteat
1986 1195 2079 1278 illoa

564 1339 762 1400 ervenire.

534 1341 562 1424 p
591 1419 672 1508 Vel
700 1422 812 1506 enim
839 1418 980 1504 dicent
1015 1417 1151 1514 hanc,
1206 1443 1329 1527 quarn
1358 1412 1637 1524 confingunt,
1666 1411 1820 1501 Mundi
1839 1437 1913 1522 per
1939 1410 2078 1500 omnia

535 1531 647 1638 pleni
682 1527 1021 1613 constitutionem
1056 1553 1110 1612 ex
1138 1530 1351 1610 voluntate
1379 1525 1462 1608 Dei
1490 1521 1711 1630 professam
1742 1521 1851 1616 esse,
1907 1544 2081 1630 propter

537 1664 641 1729 eum,
663 1637 824 1732 finem,
873 1657 920 1725 ut
948 1637 1255 1744 operationibus
1281 1636 1451 1734 Naturae
1486 1631 1704 1716 subsidium
1733 1632 1906 1740 praesens
1939 1631 2081 1718 baberi

535 1745 667 1855 posset
704 1745 755 1830 ab
792 1743 967 1830 AEtliere
1003 1743 1259 1842 subtilissimo
1306 1740 1463 1828 cunila·
1488 1761 1725 1848 permeante
1765 1741 1806 1824 δι
1842 1742 2077 1846 implentea

536 1857 653 1962 quod
684 1873 821 1952 tamen
847 1854 929 1942 dici
961 1880 1045 1938 non
1074 1853 1239 1964 potest,
1263 1851 1479 1962 saquidem
1504 1851 1586 1956 jam
1616 1848 1818 1945 ostensum
1849 1847 1906 1932 est
1925 1868 1977 1932 ex
1995 1847 2081 1962 Co-

538 1961 1049 2071 metarumpbaenomeuis
1070 1987 1091 2060 ,'
1125 1965 1275 2049 nullam
1298 1959 1378 2062 esse
1402 1960 1521 2068 hujus
1540 1956 1723 2044 AEtheris
1742 1955 1989 2042 efficaciam:
2017 1958 2083 2044 vel

539 2073 681 2157 dicent
711 2097 764 2168 ex
799 2074 1019 2155 voluntatev
1037 2071 1117 2156 Dei
1147 2067 1369 2179 professam
1398 2069 1510 2166 esse,
1549 2090 1717 2175 propter
1752 2066 1876 2159 finem
1902 2069 2084 2175 aliquem

538 2181 550 2263 i
586 2199 763 2275 notum;
813 2183 927 2288 quod
958 2205 1095 2288 neque
1123 2180 1205 2264 dici
1234 2180 1359 2262 debet
1369 2237 1384 2292 2
1417 2175 1616 2284 siquidem
1636 2175 1791 2258 diversa
1809 2173 1963 2270 Mundi
1984 2202 2087 2262 con«

541 2207 700 2375 sir-urio
726 2293 893 2389 ¹eodem
930 2309 1179 2398 argumento
1210 2287 1379 2395 pariter
1399 2285 1561 2378 stabiliri
1601 2281 1763 2393 posset:
1808 2286 1873 2370 vel
1901 2284 2086 2392 denique

539 2421 626 2480 non
653 2397 795 2480 dicent
826 2423 878 2478 ex
906 2401 1116 2483 voluntate
1145 2397 1223 2482 Dei
1253 2393 1476 2505 profetiam
1507 2390 1624 2490 esse,
1671 2393 1740 2476 sed
1770 2419 1824 2476 ex
1850 2389 2090 2478 necessitato

540 2506 720 2610 quadam
758 2504 935 2586 Naturae.
998 2501 1191 2590 Tandem
1221 2504 1345 2608 igitur
1381 2503 1515 2586 delabi
1544 2522 1711 2608 oportet
1739 2501 1780 2588 iri
1808 2500 1930 2587 saeces
1957 2500 2090 2588 surdi·

542 2615 615 2694 das
644 2611 791 2720 Gregis
817 2607 1083 2716 impurissimi.
1121 2607 1201 2708 ΙΗί
1228 2609 1320 2697 sunt
1349 2609 1423 2716 qui
1449 2610 1651 2694 somniant
1679 2609 1782 2695 Fato
1811 2607 1998 2694 universa
2023 2637 2088 2694 re·

542 2727 622 2828 gi,
659 2743 745 2804 non
775 2717 1064 2816 Providentia;
1094 2717 1315 2804 Materiam
1344 2744 1397 2802 ex
1424 2715 1661 2802 necessitate
1679 2717 1745 2802 sua
1765 2717 1917 2826 semper
1937 2717 1978 2802 de
1998 2720 2088 2804 ubi·

543 2853 627 2937 que
657 2825 865 2927 extitisse,
918 2827 1117 2912 infinitam
1145 2824 1224 2910 esse
1261 2827 1304 2909 ἃ
1338 2843 1546 2910 aeternam.
1601 2825 1767 2938 Quibus
1792 2827 1961 2936 positis,
2007 2829 2089 2914 erit

544 2937 670 3018 etiam
697 2936 964 3044 undiquaque
993 2937 1233 3020 uniformis:
1262 2961 1356 3020 nam
1385 2939 1555 3019 varietas
1583 2933 1809 3020 formarum
1836 2963 1931 3020 cum
1950 2937 2090 3020 neces·

545 3041 662 3128 strate
699 3046 873 3129 omnino
914 3065 1082 3154 pugnat.
1154 3043 1248 3128 Erit
1276 3045 1401 3128 etiam
1437 3045 1636 3128 immota:
1685 3044 1835 3128 namsi
1865 3043 2090 3130 necessario

544 3172 761 3237 moveatur
788 3153 830 3238 iu
858 3156 1014 3264 plagam
1041 3154 1215 3262 aliquam
1244 3151 1582 3249 determinatam,
1614 3178 1710 3236 cum
1728 3154 1999 3241 determinata
2016 3155 2093 3240 ali·

545 3287 629 3372 qua
668 3261 920 3358 velocitate;
977 3263 1059 3370 pari
1089 3259 1325 3348 necessitate
1365 3261 1601 3344 movebitur
1627 3263 1670 3344 iri
1698 3263 1854 3372 plagam
1890 3263 2091 3348 diversam

545 3395 643 3454 cum
665 3369 819 3456 diversa
839 3371 1081 3472 velocitate;
1107 3371 1151 3456 iu
1171 3373 1305 3480 plagas
1324 3391 1461 3454 autem
1481 3367 1679 3468 diversas,
1716 3397 1813 3456 cum
1833 3369 1998 3480 diversis
2017 3398 2093 3456 ve·

544 3479 806 3578 locitatibus,
836 3480 992 3564 moveri
1012 3505 1098 3562 non
1117 3479 1272 3586 potesta
1302 3497 1467 3586 oportet
1487 3479 1838 3587 igiturimmotam‘
1854 3476 1945 3564 esse.
1972 3481 2092 3567 Neu·

548 3589 706 3692 tiquam
734 3583 921 3692 profesio
946 3587 1080 3692 potuit
1108 3588 1208 3671 oriri
1236 3585 1421 3670 Mundus
1444 3647 1453 3681 ‚
1492 3586 1764 3690 pulcherrima
1792 3585 2014 3675 formatum
2042 3589 2089 3674 ὅ(

543 3713 740 3778 motuum
766 3692 962 3776 varietata
992 3691 1229 3784 distinslur..
1276 3691 1431 3782 nisiex
1464 3693 1668 3782 liberrima
1697 3698 1911 3784 voluntate
1938 3695 2092 3784 cuneta

545 3799 864 3912 providentis&
881 3799 1150 3911 guber-nantis
1173 3803 1267 3888 Dei.

613 3909 678 3996 Ex
714 3908 794 3994 linc
829 3911 955 4022 igitur
991 3909 1109 3996 fonte
1142 3931 1436 4022 promanarunt
1477 3914 1554 3999 illae
1584 3939 1728 4002 omnes
1761 3941 1854 4027 quoe
1890 3917 2092 4006 dicuntur

550 4017 720 4104 Naturae
748 4021 884 4130 leges:
930 4021 972 4104 in
1000 4021 1149 4129 quibus
1179 4025 1304 4107 multa
1330 4023 1426 4120 sane
1451 4019 1726 4132 sapientissimi
1753 4023 1939 4123 consilii,
1978 4029 2093 4120 nulla

547 4125 797 4214 necessitatis
833 4152 1028 4236 apparent
1064 4127 1241 4242 vestigia.
1298 4133 1386 4217 Has
1414 4133 1586 4240 proinde
1614 4161 1698 4218 non
1725 4133 1776 4217 ab
1803 4137 1970 4222 incertis
1987 4164 2094 4224 con·

547 4233 716 4344 jeuurts
743 4255 917 4343 petere,
964 4237 1031 4322 sed
1062 4235 1329 4329 Obseruando
1358 4261 1483 4349 atque
1510 4242 1574 4328 Ex
1604 4245 1773 4328 eriendo
1792 4244 1998 4330 addiscere
2016 4251 2097 4332 de-

546 4345 708 4432 bemus.
761 4343 847 4456 Qui
876 4372 982 4430 vera
1011 4347 1188 4458 Physica
1219 4350 1416 4455 principia
1445 4271 1662 4459 Legesbue
1681 4377 1843 4450 rerum,
1871 4353 1954 4450 sola,
1976 4381 2096 4444 meu-

553 4457 606 4540 tis
632 4457 671 4539 ui
700 4451 741 4538 ἃ
768 4453 933 4539 interno
962 4458 1127 4540 rationis
1154 4459 1308 4542 lumine
1336 4457 1521 4557 sactum,
1568 4461 1754 4545 invenire
1773 4461 1812 4542 se
1832 4459 1940 4568 posse
1957 4466 2096 4550 confi-

553 4563 640 4656 ain
667 4561 778 4648 hunc
796 4581 986 4670 oportet,
1017 4567 1081 4650 vel
1101 4563 1274 4650 statuere
1289 4565 1499 4650 Mundum
1519 4593 1573 4650 ex
1591 4567 1828 4652 necessitate
1847 4567 1984 4668 fuisse,
2006 4571 2100 4660 Le·

553 4671 708 4782 gesque
745 4671 966 4778 propositas
1002 4701 1055 4758 ex
1091 4677 1234 4758 eadem
1272 4673 1503 4760 necessrate
1529 4675 1676 4786 sequia
1704 4679 1768 4762 vel
1797 4677 1823 4760 si
1852 4702 1923 4786 per
1942 4685 2096 4770 voluti·

547 4801 674 4908 tatem
693 4775 1038 4886 Deieonstitutus
1065 4781 1111 4868 fit
1129 4787 1234 4871 ordo
1252 4787 1420 4872 Naturae
1441 4841 1454 4884 ,
1492 4780 1533 4868 se
1553 4803 1690 4870 tamen
1711 4843 1724 4885 ,
1763 4787 2092 4984 homuneisnpem

1886 4923 1982 4984 nur
2016 4925 2090 4988 uin
