4372 5678
514 385 657 485 aot.
788 321 1294 478 nntnoso'ntrtn*
1350 377 1812 476 uaruuants

300 561 607 758 &marutham
626 557 900 687 ‘velocitatem
934 559 1109 672 acquirit
1145 558 1189 644 in
1216 575 1400 668 utroque
1430 551 1556 651 casu,
1588 571 1637 642 ut
1660 555 1858 642 Galilaeas
1888 559 2068 652 demon.

298 727 308 740 .
380 683 498 738 ronuta
552 691 672 756 fault,
1009 695 1012 702 ’
1256 727 1258 732 .

572 778 664 884 Cafi
679 805 715 879 3.
754 775 911 866 Eadem
931 775 989 864 est
1005 773 1116 890 aquae
1133 775 1328 862 velocitas
1345 773 1552 863 effluentis
1569 798 1643 884 per
1660 774 1850 864 foramen
1868 779 1912 868 in
1933 781 2073 872 latere

522 885 631 978 valis.
695 885 865 979 Nam-fr„
887 888 1076 976 foramen
1122 911 1262 974 arvum
1282 882 1361 985 stt,
1411 908 1458 972 ut
1486 885 1748 972 intervallum
1768 889 1877 973 inter
1894 889 2069 1000 superfi-

520 999 606 1088 cies
623 999 741 1092 ‹AB
760 998 801 1084 u
819 998 863 1082 Κ
872 996 913 1080 L
931 998 1069 1108 quoad
1088 913 1247 1082 fessum
1266 993 1507 1089 evanescat,
1545 993 1588 1080 δι
1607 1020 1711 1082 vena
1730 1023 1843 1106 aqua
1864 997 2063 1088 horizon·

520 1108 658 1194 taliter
686 1109 892 1208 exilientis
919 1106 1090 1215 liguram
1113 1103 1392 1190 Parabolicam
1428 1099 1651 1192 efformet:
1699 1130 1752 1190 etr
1790 1107 1915 1196 latere
1940 1109 2061 1198 reflo

520 1217 643 1328 hujus
671 1217 869 1318 Parabnlae
898 1216 1150 1325 colligetur,
1196 1218 1311 1323 quod
1345 1214 1541 1316 velocitas
1571 1239 1688 1325 aquae
1708 1211 1915 1302 effluentis
1943 1247 1989 1305 ea
2006 1220 2056 1306 frt

554 1349 649 1412 uam
668 1352 819 1437 corpus
842 1326 893 1410 ab
917 1349 1036 1436 aquae
1054 1323 1098 1408 in
1116 1322 1205 1407 vafe
1226 1321 1445 1434 stagnantis
1466 1322 1685 1408 altitudine
1708 1321 1800 1408 HG
1819 1329 1885 1414 vel
1902 1328 1934 1412 I
1938 1330 1976 1414 G
1995 1357 2065 1416 ca-

517 1353 660 1524 fendo
677 1432 892 1546 acquirere
912 1430 1115 1539 potuiflet.
1152 1429 1185 1518 F
1186 1429 1278 1517 aflo
1296 1433 1442 1542 utique
1461 1434 1750 1626 exfferimcnto
1767 1437 1906 1522 inveni
1925 1443 2070 1548 quod,

519 1542 744 1631 fialtitudo
762 1571 879 1656 aquae
897 1541 1114 1654 stagnantis
1131 1541 1249 1649 fupra
1267 1540 1463 1638 foramen
1483 1568 1505 1627 e
1539 1561 1581 1626 et
1604 1543 1749 1650 viginti
1769 1547 1808 1630 di
1841 1547 1999 1634 ‘torum
2021 1551 2066 1636 dr

518 1651 699 1742 altitudo
726 1652 936 1740 foraminis
963 1651 1080 1759 supra
1107 1651 1272 1762 planum
1294 1651 1503 1736 horizonti
1520 1653 1796 1761 parallelume
1826 1677 1867 1740 et
1886 1682 1976 1768 quo
2013 1685 2069 1746 ue

518 1762 667 1874 viginti
688 1762 938 1873 digitorum,
970 1787 1073 1846 vena
1091 1785 1209 1872 aquae
1230 1758 1478 1868 profilientis·
1491 1761 1692 1846 incideret
1711 1763 1755 1848 in
1774 1767 1939 1872 planum
1958 1685 2067 1855 iffud

519 1872 572 1958 ad
604 1871 833 1960 distantiam
863 1871 1086 1983 digitorum
1113 1895 1177 1975 37.
1206 1870 1373 1957 circiter
1401 1870 1743 1978 aperpendiculo
1771 1877 1887 1984 quod
1914 1877 1959 1960 in
1980 1881 2069 1986 pla·

519 2003 623 2068 num
640 1981 752 2082 ‚illud
780 1979 1023 2067 aforamine
1054 1979 1352 2064 demittebatur
1377 2000 1548 2088 captam.
1604 1981 1709 2066 Nam
1729 1980 1813 2092 fine
1844 1983 2074 2076 refistentic

517 2113 623 2175 vena
641 2089 826 2177 incidere
844 2086 1043 2175 debuilset
1062 2094 1106 2174 in
1124 2087 1290 2198 planum
1310 2087 1408 2174 illud
1430 2091 1480 2172 ad
1499 2088 1729 2178 distantiam
1745 2091 1973 2204 digitorum
1985 2127 2070 2206 40,

517 2197 719 2286 exiliente
746 2223 862 2285 venae
881 2198 1122 2285 Parabolicae
1142 2199 1271 2283 latere
1291 2193 1404 2282 tedio
1422 2198 1462 2280 di
1495 2198 1649 2284 itorum
1670 2203 1733 2282 80.

466 2384 477 2394 .
575 2305 669 2414 cast
682 2343 720 2414 4.
749 2307 991 2422 Quinetiam
1010 2334 1116 2420 aqua
1131 2305 1329 2407 effluens,
1358 2223 1558 2393 frfurfum
1578 2307 1758 2406 feratur,
1784 2316 1928 2400 eadem
1945 2341 2067 2426 egre·

518 2415 635 2505 ditur
661 2444 757 2505 cum
790 2417 1021 2504 velocitate.
1080 2417 1277 2503 Ascendit
1307 2416 1418 2502 enim
1445 2442 1564 2526 aquae
1591 2417 1793 2505 exilientis
1822 2449 1926 2508 vena
1944 2451 2073 2534 parva

518 2545 639 2640 motu
696 2526 995 2633 erpendiculari
1026 2530 1078 2612 ad
1108 2551 1227 2637 aquae
1255 2527 1298 2611 in
1324 2525 1416 2611 vale
1436 2523 1653 2638 stagnantis
1682 2529 1943 2618 altitudinem
1974 2535 2079 2618 GH

518 2635 585 2720 uel
605 2551 789 2734 Gf‚nifr
807 2655 1011 2746 quatenus
1031 2635 1210 2721 ascensus
1230 2647 1317 2743 ejus
1335 2635 1386 2719 ab
1405 2637 1507 2722 aeris
1526 2635 1745 2722 resistentia
1765 2640 2075 2751 aliquantulum

517 2743 767 2853 impediatur
781 2771 849 2843 rac
870 2747 1043 2853 proinde
1061 2771 1106 2829 ea
1128 2743 1258 2831 effluit
1279 2769 1375 2830 cum
1395 2746 1616 2834 velocitate
1632 2772 1755 2860 quam
1776 2749 1827 2836 ab
1846 2753 2072 2844 altitudine

516 2852 585 2942 illa
613 2856 812 2942 cadendo¹
830 2854 1045 2962 acquirere
1065 2851 1268 2963 potuilfet.
1325 2857 1462 2964 Aquae
1554 2945 1561 2962 ,

516 2957 738 3072 stagnantis
764 2962 961 3074 particula
989 2987 1249 3074 unaquaeque
1278 2964 1465 3072 undique
1518 3017 1522 3024 ·
1554 2965 1565 3106 l

566 3075 720 3158 emitur
741 3073 954 3181 aequaliter
976 3130 988 3168 ‚
1020 3099 1092 3179 per
1112 3072 1234 3177 Prop.
1254 3099 1337 3156 xnr.
1364 3073 1458 3158 Lib.
1507 3098 1563 3180 pr

535 3178 834 3290 l,&preffioni
862 3183 1053 3268 cedendo
1073 3183 1219 3290 aequali
1239 3185 1397 3289 impetu
1418 3185 1461 3268 in
1551 3181 1563 3272 l
1648 3219 1652 3228 ·
1993 3235 2002 3274 ι

517 3313 668 3375 omnes
692 3311 827 3398 partes
855 3290 1011 3387 fertur,
1043 3289 1123 3373 live
1146 3291 1366 3376 descendat
1388 3318 1460 3400 per
1551 3271 1562 3398 l
1709 3387 1712 3398 ‚
1762 3347 1791 3416 1
1992 3277 2003 3376 l

512 3397 703 3486 foramen
732 3397 927 3518 infundo
944 3399 1065 3498 valis,
1096 3397 1176 3484 live
1196 3399 1456 3484 horizontali·
1496 3361 1762 3496 Kl‘··················
1797 3437 1940 3460 ..„.........
1955 3395 2045 3510 *²31⁴

516 3527 581 3593 ter
596 3507 738 3593 effluat
759 3535 831 3616 per
851 3509 1036 3595 foramen
1059 3511 1100 3594 in
1122 3518 1208 3615 ejus
1228 3513 1379 3608 latere,
1412 3509 1458 3593 sr-
1492 3496 1536 3576 Α
1597 3577 1599 3584 .
1994 3520 1998 3530 ’

513 3642 565 3706 ve
586 3643 610 3700 e
661 3621 819 3700 ediatur
840 3619 881 3704 in
903 3617 1138 3704 canalem&
1159 3620 1255 3704 inde
1266 3617 1455 3705 ascendat

512 3749 589 3835 per
624 3750 795 3810 oramen
825 3753 993 3834 parvum
1016 3731 1056 3813 ln
1079 3727 1290 3854 superiore
1308 3732 1456 3814 canalis
1606 3745 1658 3824 M
1690 3753 1856 3858 ””··*·5
1878 3751 1927 3834 N

511 3831 1457 4057 {titulunlullurtlrutru

510 4079 567 4143 ne
584 4051 904 4163 affignavimus,
934 4083 1019 4142 non
1037 4053 1169 4140 solum
1190 4057 1347 4142 ratione
1369 4059 1453 4144 col·
1751 4021 1831 4312 Γ
1958 4145 1965 4154 .

510 4162 685 4356 ιξῗῐιπ,
724 4164 793 4246 fed
821 4163 946 4252 etiam
978 4191 1050 4275 per
1078 4167 1361 4272 experimenta
1381 4194 1453 4252 no·

511 4290 543 4357 tt

578 4295 658 4355 rma
673 4268 760 4380 jam
776 4271 977 4389 descripta
997 4273 1254 4361 manifestum
1274 4275 1343 4363 est.
1679 4317 1861 4418 1⁶1¹
1985 4296 1993 4314 ’

569 4459 661 4569 Cast
674 4485 711 4570 5.
747 4457 903 4546 Eadem
923 4461 982 4548 elt
1008 4493 1126 4575 aquae
1145 4463 1356 4554 effluentis
1384 4468 1581 4556 velocitas
1599 4470 1677 4562 five
1697 4477 1824 4590 figura
1846 4477 2074 4576 foraminis

515 4563 562 4654 fit
590 4569 797 4694 circularis
816 4569 896 4656 five
913 4577 1112 4684 quadrata
1132 4577 1198 4660 vel
1218 4576 1471 4686 triangularis
1490 4603 1560 4662 aut
1587 4586 1662 4670 alia
1693 4599 2076 4700 quacunque-cir·

513 4673 841 4804 cularrtaequalis.
898 4679 1005 4767 Nam
1025 4687 1220 4772 velocitas
1240 4713 1357 4796 aquae
1375 4686 1587 4776 effluentis
1605 4720 1693 4782 non
1711 4703 1867 4808 pendet
1885 4728 1908 4786 a
1926 4701 2077 4817 figura

512 4785 727 4876 foraminis
746 4787 815 4872 fed
836 4785 887 4872 ab
909 4789 996 4899 ejus
1015 4796 1234 4880 altitudine
1252 4795 1355 4884 infra
1375 4800 1542 4908 planum
1568 4799 1614 4884 K
1629 4803 1682 4889 L.

572 4895 664 5008 Caſs
689 4897 724 4983 6.
763 4893 805 4984 Si
823 4899 923 4988 vasu
952 4901 1150 4992 AB‘DC
1172 4931 1266 5018 pars
1289 4906 1461 4996 inferior
1477 4909 1521 4996 in
1541 4937 1691 5025 aquam
1707 4915 1964 5031 stagnantem
1988 4925 2081 5014 im·

1820 5051 2082 5144 mergatur,
