4408 5690
403 395 763 491 autumnat·
811 329 1362 496 maraunamca
1556 411 1701 513 315³
1796 495 1805 502 .

1536 651 1542 662 .
1684 589 1824 662 bum

514 653 1292 800 ,nnuuaun.

1553 773 1556 780 .
1666 669 1860 748 Saeuum
1966 703 1970 712 ·

14 951 16 998 ;
93 883 152 992 u
170 917 301 1024 aqua
321 881 525 1020 quiescat
542 881 594 983 a'n
616 857 807 1010 canali,
855 881 923 994 U
938 921 987 985 ca
1047 919 1130 986 ara
1149 885 1200 986 in
1211 911 1372 1025 panea
1391 886 1646 990 contrarias
1721 913 1729 936 “

162 1022 340 1162 aquali
371 1020 608 1148 velocitate
621 1047 711 1175 per
737 1022 952 1124 'canalem
1002 1049 1193 1126 arantur
1220 1061 1238 1124 .·
1282 1025 1479 1163 equales
1505 1055 1640 1131 erum

161 1199 319 1264 aarum
344 1151 593 1293 auſssteatiae
615 1186 735 1261 amer
743 1160 814 1293 se.
976 1259 981 1268 .

77 1409 80 1414 ·
152 1361 323 1453 Coniiat
350 1387 407 1448 ex
435 1355 654 1449 Lemmate
682 1359 913 1474 superiore,
949 1383 1044 1470 nam
1072 1383 1211 1485 mutua
1241 1360 1398 1454 relativi
1422 1363 1551 1454 iidem
1577 1365 1639 1456 iu·
1786 1437 1789 1444 .

98 1475 225 1563 terse
244 1493 423 1562 manent
560 1551 566 1560 .

785 1747 993 1874 acnuam.

147 1999 308 2094 Eadem
334 2000 396 2092 est
429 2001 537 2090 ratio
563 2025 789 2113 cornorum
823 2005 1014 2090 omniunt
1048 2026 1335 2094 connexorum
1371 2001 1421 2094 δι’
1441 2005 1648 2095 rutundo·¹
1790 2049 1797 2056 ·

98 2139 216 2215 mm,
244 2141 426 2226 quorum
455 2139 551 2200 axes
578 2140 674 2200 cum
701 2107 956 2200 caecandis
992 2116 1249 2204 coincidunt.
1305 2115 1549 2204 Differentia
1571 2117 1643 2202 ali·

96 2249 176 2334 qua
214 2249 269 2311 ex
306 2224 460 2334 maJute
498 2225 563 2308 tei
603 2227 764 2310 minore
801 2221 992 2323 scissione
1039 2225 1138 2310 oriri
1188 2222 1357 2336 putessa
1394 2225 1464 2312 sed
1501 2227 1545 2312 in
1582 2225 1644 2312 his

99 2331 327 2420 Lemmatic
356 2359 535 2442 corpora·
560 2329 640 2418 esse
668 2329 900 2446 politissima
928 2331 1230 2442 supponimus,
1268 2332 1468 2422 &Medii
1487 2335 1642 2420 tenaci·

97 2463 226 2527 tatem
255 2443 300 2528 dc
324 2433 557 2528 sridiionem
586 2440 665 2527 esse
694 2443 873 2542 nussam,
902 2441 1074 2553 &quod
1102 2463 1238 2552 pantes
1266 2441 1411 2543 fluidi,
1442 2469 1537 2554 quae
1558 2465 1645 2530 mo·

96 2551 206 2637 tibus
234 2551 316 2637 suis
352 2552 532 2662 obliquis
566 2549 851 2662 &superfluis
886 2547 1047 2636 fluxum
1084 2575 1203 2664 aquae
1242 2577 1316 2662 per
1345 2556 1530 2640 canalem
1550 2575 1642 2664 per·

97 2661 291 2760 turbate,
315 2665 540 2771 impedire,
570 2660 840 2748 &retardare
896 2658 1068 2756 ossunt,
1114 2661 1329 2773 quiescant
1354 2665 1464 2750 inter
1492 2662 1535 2749 se
1555 2683 1646 2751 tan·

95 2795 221 2882 quam
248 2769 620 2882 geiu'consttisiae,
638 2770 680 2855 dc
709 2687 952 2882 conponiinus
979 2773 1028 2856 ad
1051 2769 1235 2881 ipsorum
1262 2794 1398 2882 partes
1415 2771 1569 2860 anticas
1599 2771 1648 2860 dc

96 2879 269 2988 posticas
286 2881 547 2978 adhereant,
571 2878 744 2991 perinde
764 2899 810 2967 ut
840 2881 884 2968 in
904 2877 1073 2966 Scholia
1093 2877 1390 2994 propositionis
1406 2883 1647 2992 praecedeu-

96 2992 151 3074 tis
168 2987 353 3100 exposui.
408 2991 561 3100 Agitur
606 2987 718 3076 euim
756 2990 798 3074 in
826 2985 1097 3102 sequentibus
1124 2993 1178 3078 de
1204 2991 1427 3080 resistentia
1456 2995 1648 3080 omnium

95 3098 266 3200 minima
326 3125 418 3188 uam
447 3125 623 3208 corpora
649 3099 859 3191 rotunda.
898 3099 1003 3182 datis
1029 3097 1216 3186 maximis
1243 3097 1492 3188 sessionibus
1520 3097 1647 3186 trans·

96 3207 264 3294 versisd
336 3209 467 3316 ripta,
496 3207 651 3296 habere
677 3199 853 3316 possunt
890 3265 894 3272 -
1358 3211 1362 3222 '

150 3317 344 3428 Corpora
364 3311 502 3404 fluidis
521 3315 783 3414 innatantia,
807 3311 882 3400 ubi
898 3334 1120 3402 mutantur
1140 3315 1186 3402 in
1205 3315 1432 3418 diresium,
1462 3313 1649 3428 efficiunt

93 3448 146 3512 ut
166 3425 345 3514 fluidum
365 3431 415 3514 a'd
437 3448 595 3538 partem
615 3426 793 3512 anticam
811 3421 1001 3510 ascendat
1012 3427 1085 3520 ,ad
1163 3425 1300 3512 stiuam
1318 3425 1520 3526 subsidat,
1542 3449 1649 3537 praa-

90 3533 243 3624 sertim
269 3535 299 3622 fi
323 3537 458 3648 figura
484 3533 561 3621 sant
589 3533 733 3620 obtusa
760 3569 773 3630 ι
813 3529 855 3619 da
888 3534 986 3619 inde
1015 3560 1059 3617 re
1125 3537 1282 3622 entiam
1307 3539 1430 3646 paulo
1449 3544 1652 3643 majorem

92 3639 284 3754 sentiunt
302 3672 425 3758 quam
444 3645 475 3730 st
494 3643 628 3756 capite
649 3641 691 3730 ἃ
712 3641 839 3730 cauda
866 3640 944 3728 sant
973 3644 1117 3730 acutis.
1180 3641 1235 3734 Et
1254 3672 1430 3757 corpora
1450 3649 1493 3732 iu
1513 3641 1652 3731 fluidis

88 3755 272 3840 classicis
289 3779 432 3856 mota,
483 3753 512 3841 fi
538 3773 635 3840 ante
666 3753 705 3836 δι
738 3751 829 3863 post
848 3749 995 3838 obtusa
1020 3749 1134 3853 satu,
1172 3755 1347 3842 fluidum
1376 3749 1498 3866 paulo
1518 3753 1652 3866 magia

84 3861 352 3952 condensaat
369 3869 423 3978 ad
441 3865 622 3950 anticam·
637 3883 796 3972 partem
815 3862 858 3948 dt
877 3865 1001 3972 paulo
1026 3864 1151 3975 magis
1173 3867 1358 3952 relaxant
1370 3871 1418 3952 ad
1439 3859 1652 3975 pessicama

89 3971 138 4058 δε
162 3975 262 4060 inde
282 3971 549 4062 resistentiam
569 3976 692 4080 nauso
714 3981 913 4078 majorem
931 3969 1113 4060 sentiunt
1134 4001 1259 4085 quam
1281 3975 1310 4060 fi
1335 3976 1471 4086 capite
1491 3973 1534 4060 dc
1553 3998 1649 4060 cau·

84 4087 149 4170 da
179 4081 256 4170 fint
288 4087 432 4170 acutis.
501 4079 581 4170 Sed
601 4109 680 4168 uos
707 4083 750 4166 in
770 4081 833 4168 his
865 4079 1093 4167 Lemniacis
1123 4082 1532 4194 &Propofitionibus
1561 4107 1652 4170 nom

81 4195 259 4387 isaii?
278 4188 794 4388 dissidiis?
814 4186 1653 4414 di?iitessisiiisiiss‘offlis‘ibu?

253 4361 268 4402 ‚
769 4361 778 4380 ,
1633 4348 1653 4370 .

77 4416 165 4500 dis
185 4407 267 4498 nan
287 4412 461 4503 clasticis
489 4409 735 4506 innotescit,
770 4409 957 4520 augenda
980 4409 1059 4494 erit
1080 4409 1166 4496 haec
1186 4409 1405 4500 resistentia
1425 4415 1474 4502 ali
1509 4428 1654 4496 uantu-

76 4523 188 4606 ium
216 4527 365 4610 tamin
387 4519 526 4608 iluidis
549 4517 745 4617 elassicis,
776 4513 991 4628 qualis-est
1020 4521 1137 4616 Aer,
1154 4523 1341 4632 quam-in
1361 4523 1459 4640 supe
1512 4514 1655 4608 ciebus

72 4629 333 4742 fluidorum
348 4629 650 4748 stagnantium,
681 4627 817 4742 quasia
836 4625 932 4715 sunt
953 4627 1078 4716 maria
1098 4628 1141 4715 dt
1162 4631 1344 4743 paludes.
1525 4651 1527 4656 ’

857 4860 991 4950 Rr'a
1497 4815 1687 4966 PRO&
