4394 5688
541 381 615 464 aa
855 349 1361 460 atticotorum
1412 337 1826 458 unruunnts
1949 291 1956 302 ⁶

315 592 371 664 n.
393 591 514 662 moro
541 557 701 647 ratione
720 556 921 645 maximus
939 549 1216 638 decrescentis
1235 547 1514 636 inclinationis
1532 570 1670 639 motus
1686 551 1734 641 fit
1752 555 1797 642 in
1819 551 2092 669 Quadraturis

314 671 520 772 Coaaoauu
542 670 804 768 Nodorum,
861 665 903 752 δι
937 663 1129 750 minimus
1156 659 1436 746 inclinationis
1466 661 1638 772 angulus
1658 662 1704 748 iu
1730 662 1980 756 ouantibus
2003 673 2092 786 post

540 782 854 892 Quadraturasa
902 772 1002 860 dein
1030 769 1231 858 maximus
1260 769 1541 856 reclinationis
1567 789 1704 858 motus
1730 773 1830 861 inS
1884 781 2019 906 ygds,
2048 783 2092 869 &

538 888 743 978 maximus
760 886 932 999 angulus
952 882 996 968 in
1015 875 1264 966 otiantibus
1282 878 1493 990 proximis.
1551 875 1606 964 Et
1626 882 1813 968 eademe
1864 889 2093 979 ratroGlo·

538 999 583 1086 bi
602 995 773 1084 Annulo
792 993 961 1092 nudati,
997 991 1072 1102 qui
1095 989 1138 1074 in
1161 988 1399 1099 regionibus
1420 988 1643 1098 aequatoris
1661 990 1729 1074 vel
1750 991 1868 1078 altior
1885 994 1944 1088 est
1960 1003 2092 1108 paulo

537 1132 664 1219 quant
680 1105 799 1218 juxta
829 1104 972 1214 polos,
1000 1102 1064 1184 vel
1084 1095 1242 1183 constat
1263 1124 1312 1182 ex
1331 1095 1500 1182 materia
1518 1100 1642 1206 paulo
1661 1095 1861 1188 densiore.
1912 1104 1997 1217 Sup
2027 1113 2090 1198 let

536 1217 650 1303 enim
675 1221 811 1302 vicem
829 1214 987 1300 Annuli
1015 1207 1088 1294 iste
1115 1207 1297 1292 matetiae
1318 1205 1362 1290 in
1382 1229 1417 1289 m
1450 1208 1604 1293 uatoris
1633 1207 1872 1319 regionibus
1891 1237 1967 1299 exc
2025 1247 2089 1309 us.

534 1321 594 1412 Et
614 1336 878 1438 quanquam,
907 1322 1022 1408 auda
1045 1311 1413 1428 utcunqueGlobi
1464 1323 1556 1422 ujus
1576 1317 1617 1400 vi
1636 1317 1893 1428 centripeta,
1911 1329 2090 1416 tendere

532 1431 817 1550 supponantur
838 1457 983 1518 omnes
1009 1425 1097 1537 ejus
1117 1447 1251 1536 partes
1271 1421 1493 1526 deorsum,
1530 1427 1583 1510 ad
1601 1429 1774 1513 modum
1792 1429 2088 1538 gravitantium

531 1545 714 1738 partium
731 1542 924 1639 telluris,
961 1559 1100 1624 tamen
1123 1535 1401 1621 Phaenomena
1425 1531 1611 1644 hujus&
1638 1539 1909 1647 praecedentis
1937 1541 2089 1634 Corol-

550 1651 623 1739 arti
641 1653 712 1738 vix
730 1651 829 1738 inde
852 1648 1136 1736 mutabuntur.

588 1761 713 1848 Corol.
741 1789 807 1846 ιι.
845 1757 1004 1846 Eadem
1032 1754 1193 1841 ratione
1223 1779 1305 1866 qua
1324 1752 1492 1840 materia
1520 1749 1651 1840 Globi
1678 1753 1795 1864 juxta
1823 1781 1857 1842 ae
1890 1782 2083 1854 uatorem

531 1872 771 1978 redundans
798 1865 930 1954 efficit
950 1888 997 1951 ut
1017 1863 1129 1951 Nodi
1149 1864 1433 1974 regrediantur
1454 1922 1467 1963 ,
1509 1882 1636 1974 atque
1662 1869 1767 1951 adeo
1785 1892 1862 1976 per
1908 1869 2002 1980 ujus
2019 1875 2086 1961 in.

532 2001 795 2067 crementum
815 1993 990 2088 augetur
1013 1971 1086 2059 iste
1104 1969 1326 2084 regressus.
1347 1997 1421 2083 per
1440 1971 1760 2061 diminutionem
1779 1980 2087 2071 verodiminui·

531 2096 602 2178 tur
624 2089 666 2176 δι
687 2115 761 2198 ρει
780 2085 1030 2175 ablationem
1051 2081 1211 2169 tollitur
1233 2116 1246 2178 a
1276 2080 1304 2166 ss
1325 2081 1493 2168 materia
1510 2079 1724 2194 plusquam
1746 2086 1980 2176 redundans
2000 2097 2083 2182 tol·

529 2199 659 2297 latur.
691 2199 772 2284 hoc
792 2195 850 2286 est
869 2259 880 2290 ‚
910 2191 1120 2280 fiGlobus
1147 2197 1263 2294 juxta
1282 2212 1536 2318 aequatorem
1555 2194 1620 2276 vel
1638 2191 1863 2302 depreffior
1881 2199 2083 2290 reddatur

528 2310 598 2396 vel
626 2308 756 2399 rarior
786 2331 910 2421 quam
936 2312 1052 2414 juxta
1081 2304 1234 2414 polos,
1282 2320 1441 2388 orietur
1469 2319 1607 2388 motus
1625 2300 1845 2391 Nodorum
1868 2304 1912 2392 in
1939 2313 2081 2398 conse·

563 2439 715 2506 uentra.
1046 2451 1049 2456 ·

529 2442 561 2528 q
587 2527 711 2612 Coros.
734 2555 798 2612 22.
830 2523 885 2614 Et
906 2525 1006 2610 inde
1033 2521 1230 2616 vicissim,
1268 2548 1321 2608 ex
1341 2542 1460 2608 motu
1485 2521 1713 2608 Nodornm
1731 2523 1954 2614 innotescit
1975 2555 2079 2622 cou-

527 2633 688 2724 stitutio
706 2632 849 2723 Globi.
879 2633 1092 2718 Nimirum
1114 2629 1140 2714 st
1159 2630 1322 2720 Globus
1339 2635 1457 2744 polos
1475 2630 1642 2719 eosdem
1662 2631 1896 2738 constanter
1914 2636 2053 2728 servat
2063 2703 2078 2746 ‚

527 2745 568 2829 u
586 2766 729 2834 motus
754 2743 800 2830 fit
819 2745 863 2830 in
882 2741 1197 2841 antecedentia,
1235 2743 1405 2828 materia
1420 2741 1539 2852 juxta
1558 2763 1813 2853 aequatorem
1831 2747 2044 2838 redundat
2062 2799 2077 2854 ι

527 2851 621 2940 fiin
639 2853 932 2963 consequentia
951 2914 962 2948 ‚
1001 2849 1153 2938 delicit.
1218 2849 1335 2940 Pone
1355 2850 1540 2940 Globum
1560 2849 1812 2939 uniformem
1829 2851 1874 2941 ἃ
1888 2857 2077 2965 persedie

525 2962 773 3050 circinatum
790 2962 835 3048 in
852 2959 983 3071 spatiis
1005 2957 1143 3045 liberis
1159 2959 1294 3075 primo
1313 2958 1552 3074 quiescerea
1579 2957 1678 3050 dein
1697 2961 1859 3073 impetu
1878 2989 2078 3076 quocun.

526 3096 613 3188 que
639 3071 811 3184 oblique
840 3072 882 3158 in
917 3067 1174 3178 superficiem
1208 3063 1320 3156 suam
1340 3067 1448 3158 iasio
1476 3070 1681 3179 propelli,
1721 3071 1763 3157 ἃ
1784 3093 1949 3162 motum
1969 3079 2075 3170 inde

521 3181 645 3269 conci
676 3207 747 3268 ere
764 3182 912 3292 partim
932 3180 1199 3279 circularem,
1229 3179 1376 3290 partim
1395 3181 1439 3266 in
1457 3179 1668 3267 direslum.
1721 3181 1933 3293 Quoniam
1959 3185 2074 3277 Glo-

523 3289 601 3378 bus
617 3210 692 3378 itbe
708 3293 760 3378 ad
780 3315 875 3378 axes
895 3312 1038 3376 omnes
1056 3313 1130 3397 per
1150 3310 1341 3376 centrum
1368 3283 1486 3378 suum
1506 3288 1759 3376 transcuntes
1778 3287 2072 3388 indifferenter

518 3399 729 3502 sehabet,
751 3425 890 3512 neque
906 3395 1144 3508 propensior
1163 3396 1221 3484 est
1241 3398 1285 3484 in
1306 3424 1436 3486 uuum
1455 3423 1794 3498 axem,ununrve
1812 3399 1898 3486 axis
1918 3399 2072 3510 simtu,

462 3587 467 3598 .
519 3514 710 3622 quamin
729 3508 1093 3619 aliumquemvis;
1142 3507 1402 3616 perspicuum
1421 3507 1479 3594 est
1499 3509 1613 3619 quod
1633 3508 1666 3593 is
1686 3533 1806 3594 axem
1828 3508 1947 3598 suum
1965 3521 2070 3606 axis.

551 3643 605 3703 ue
630 3617 943 3705 inclinationem
971 3616 1011 3700 vi
1030 3618 1192 3723 proptia
1220 3640 1432 3727 nunquam
1460 3617 1650 3702 mutabit.
1717 3617 1953 3727 Impellatur
1974 3625 2064 3734 jam

519 3644 679 3815 bubus
706 3726 877 3838 oblique
896 3782 910 3823 ‚
939 3723 982 3808 in
999 3725 1144 3808 eadem
1166 3723 1231 3847 illa
1249 3721 1477 3847 superficiei
1496 3745 1608 3850 parte
1636 3751 1718 3834 qua
1735 3727 1865 3835 prius.
1884 3728 2060 3841 impulsu

519 3861 775 3950 quocunque
803 3859 949 3929 novor
997 3829 1039 3916 ἃ
1069 3856 1165 3915 cum
1194 3853 1315 3917 cruor
1344 3833 1408 3917 vel
1435 3830 1562 3916 serior
1580 3856 1635 3917 rm
1666 3834 1768 3921 ulfias
1788 3834 1975 3926 effessum
1996 3847 2059 3932 nil

519 3964 688 4046 mutet,
734 3939 990 4036 manifestum
1010 3937 1068 4026 est
1093 3942 1208 4051 quod
1238 3941 1279 4025 hi
1304 3941 1392 4026 duo
1412 3939 1605 4051 impulsus
1630 3859 1850 4031 beceffive
1877 3949 2059 4058 impressi

517 4057 698 4144 eundem
726 4057 959 4165 producent
986 4072 1147 4136 motum
1166 4075 1213 4135 ac
1234 4046 1262 4135 sr
1281 4049 1396 4140 simul
1421 4047 1601 4160 impressa
1631 4049 1829 4155 fuissent,
1866 4054 1946 4144 hoc
1972 4061 2062 4160 est.

517 4166 699 4253 eundem
718 4191 764 4250 ac
784 4163 810 4244 si
828 4159 992 4249 Globus
1010 4161 1051 4246 vi
1072 4157 1239 4272 simplici
1258 4185 1311 4245 ex
1329 4183 1511 4271 utroque
1539 4161 1646 4356 Sper
1655 4160 1820 4276 Legum
1832 4163 1975 4256 Corol.
1991 4183 2065 4288 a.)

514 4271 742 4388 compofita
766 4269 959 4380 impulsus
976 4266 1111 4355 fuisset
1132 4333 1142 4365 .
1180 4289 1306 4380 atque
1325 4273 1431 4355 adeo
1449 4267 1548 4463 simp
1565 4271 1698 4372 icem,
1727 4273 1835 4360 circa
1854 4300 1973 4362 axem
1993 4279 2069 4370 in·

514 4385 738 4474 clinatione
764 4385 918 4467 datum.
991 4379 1044 4462 Et
1071 4405 1142 4489 par
1173 4375 1231 4462 est
1258 4379 1363 4464 ratio
1389 4379 1514 4489 impul
1536 4405 1583 4465 us
1606 4378 1776 4467 secundi
1803 4379 1897 4468 fasli
1925 4385 1969 4473 in
1998 4391 2067 4480 lo·

513 4519 611 4580 cum
639 4497 763 4581 alium
789 4489 975 4602 quemvis
1001 4491 1044 4574 in
1072 4509 1283 4598 aequatore
1311 4507 1449 4573 motus
1468 4487 1611 4598 primia
1632 4509 1678 4574 ut
1697 4487 1741 4576 δι
1758 4493 1954 4602 impulsus
1972 4503 2067 4609 pri.

513 4605 573 4692 mi
590 4602 683 4688 fasti
700 4605 743 4689 in
764 4605 902 4687 locum
924 4600 1109 4708 quemvis
1127 4599 1172 4683 in
1202 4617 1413 4708 aequatore
1433 4617 1597 4697 motus,
1626 4623 1753 4710 quem
1773 4599 1968 4712 impulsus
1994 4609 2068 4698 se·

511 4714 672 4802 cundus
690 4709 842 4821 absque
862 4709 996 4818 primo
1013 4727 1228 4819 generaret
1249 4742 1261 4804 a
1297 4727 1424 4819 atque
1443 4709 1550 4794 adeo
1567 4708 1815 4817 impulsuum
1835 4711 2064 4810 amborum

510 4821 711 4914 fastorum
729 4821 773 4911 in
799 4821 890 4908 loca
912 4841 1195 4930 quacunque:
1236 4813 1509 4906 Generabunt
1528 4815 1569 4902 hi
1590 4821 1769 4906 eundem
1790 4841 1952 5018 moturp
1974 4831 2066 4916 cir.

1868 4955 1921 5019 cu
1939 4959 2061 5030 arem
