4390 5680
547 322 626 448 ³⁶6
798 275 1762 399 antrosormnnrruanms

363 505 409 560 n.
427 460 791 569 mtemporibus
809 457 916 554 fieri,
940 455 1177 566 jamdudum
1192 449 1448 564 observanrnt
1461 447 1552 546 altit
1580 454 1621 532 lt
1637 447 1929 554 ancorariffirre
1944 458 2033 568 qui-

347 576 642 658 aetermam
666 597 803 658 notare
820 572 916 654 licet
933 571 1198 681 equalitatem
1215 589 1443 673 temporum
1462 564 1504 644 in
1524 555 1719 646 Pendulis.
1751 567 1859 651 Rem
1881 572 2039 662 tentavi

547 694 589 776 in
604 693 733 776 Auro.
767 695 969 797 Argenta,
998 684 1192 778 Plumbo‚
1220 679 1363 766 Virro.
1385 681 1534 767 Arena,
1551 675 1866 776 Salecoutmuni,
1885 687 2038 798 ligno.

549 807 695 912 Aqua,
726 799 898 882 Tritico.
958 797 1251 906 comparabam
1277 791 1451 906 pyxides
1476 791 1575 875 duae
1600 791 1749 903 ligneas
1771 795 1961 882 rotundas
1987 807 2035 882 dt

553 913 733 1026 equales
767 915 903 995 Unam
927 911 1143 1022 implebam
1166 907 1321 1019 Ligno,
1351 911 1390 987 dt
1408 903 1516 988 idem
1537 907 1635 1005 Auri
1654 908 1811 1016 pondus
1825 908 2033 1018 suspeude-

554 1033 643 1114 bam
671 1029 818 1138 (quam
846 1027 965 1138 potui
987 1023 1141 1132 errasse)
1156 1023 1198 1104 in
1215 1019 1375 1102 alterius
1391 1043 1532 1102 centro
1547 1017 1820 1102 oscillationis.
1857 1019 2034 1136 Pyxides

550 1146 599 1228 ab
619 1143 833 1252 aequalibus
862 1141 1011 1248 pedum
1040 1138 1226 1222 undecim
1255 1133 1331 1218 filis
1358 1129 1601 1242 pendentes,
1627 1133 1919 1218 constituebant
1937 1139 2041 1222 Pen-

545 1244 669 1353 dula,
698 1257 831 1366 quoad
859 1255 1036 1363 pondus,
1067 1252 1255 1366 figuram,
1281 1256 1321 1330 &
1340 1250 1436 1332 aeris
1452 1247 1704 1331 residentiam
1716 1251 1892 1332 omnino
1908 1255 2039 1362 paria:

556 1371 611 1454 Et
639 1373 794 1478 paribus
813 1367 1147 1464 oscillationibus,
1170 1367 1286 1476 juxta
1303 1360 1461 1476 positae,
1491 1363 1603 1444 ibant
1625 1391 1703 1445 una
1719 1369 1760 1446 dt
1778 1365 1957 1450 redibant
1975 1369 2043 1453 di·

559 1483 743 1568 utillime.
771 1483 943 1566 Proinde
962 1485 1080 1592 copia
1095 1480 1265 1563 materiae
1280 1479 1324 1560 in
1348 1485 1456 1560 Auro
1478 1485 1564 1586 (per
1579 1477 1723 1560 Corol.
1750 1503 1782 1562 r.
1802 1482 1892 1563 &6.
1907 1481 2034 1590 Prop.

558 1621 686 1682 xxiv.
717 1597 793 1676 Lib
823 1598 889 1698 ll.)
919 1619 999 1678 erat
1024 1597 1076 1678 ad
1104 1593 1263 1701 cupiant
1288 1593 1460 1676 mareriae
1479 1594 1520 1674 in
1541 1589 1696 1700 Ligno.
1723 1613 1768 1676 ut
1785 1593 1846 1696 vis
1859 1597 2044 1702 metricis

559 1711 664 1794 altio
682 1711 722 1792 in
743 1731 874 1792 totum
896 1714 1044 1792 Aurum
1060 1709 1112 1792 ad
1125 1705 1296 1818 ejusdem
1316 1707 1515 1790 astionem
1532 1705 1573 1786 in
1590 1727 1721 1786 totum
1735 1707 1929 1817 Lignum
1960 1713 2042 1792 boc

559 1823 638 1923 est,
666 1847 709 1907 ut
731 1826 891 1934 pondus
907 1823 955 1906 ad
974 1825 1147 1932 pondus.
1208 1819 1259 1900 Et
1278 1819 1331 1902 src
1351 1819 1574 1904 incaeteris.
1634 1818 1681 1900 In
1699 1822 1932 1929 corporibus
1946 1821 2044 1929 ejus·

562 1939 656 2020 dem
684 1939 870 2044 ponderis
899 1937 1123 2018 differentia
1144 1935 1315 2016 materiae
1327 1988 1341 2030 ,
1369 1961 1456 2044 quae
1475 1935 1537 2013 vel
1559 1931 1687 2014 minor
1706 1933 1800 2016 effer
1817 1963 1933 2045 quam
1952 1964 2043 2047 pars

562 2051 765 2134 millesima
796 2052 967 2133 materiae
996 2051 1143 2146 totius,
1174 2050 1236 2130 his
1265 2047 1549 2156 experimentis
1576 2043 1781 2128 manifesto
1797 2051 2046 2157 deprehendi
2180 2151 2181 2162 Ν

564 2167 711 2274 potuit.
737 2166 826 2276 Jam
848 2193 943 2248 vero
960 2189 1134 2245 naturam
1155 2161 1360 2273 gravitatis
1377 2164 1417 2244 in
1442 2160 1622 2243 Planctus
1643 2163 1809 2246 eandem
1825 2165 1900 2246 elle
1921 2187 2046 2275 atque
2180 2217 2181 2236 r

563 2281 605 2362 in
631 2279 820 2371 Terram,
852 2277 1002 2360 nonest
1023 2279 1199 2360 dubium.
1263 2277 1415 2388 Elevari
1433 2277 1539 2382 enim
1556 2271 1755 2384 fingantur
1774 2305 1939 2387 corpora
1956 2279 2044 2367 baec

563 2392 782 2476 Terresttia
808 2393 860 2474 ad
889 2391 1008 2500 usque
1036 2393 1186 2474 Orbem
1221 2391 1364 2483 Lunx,
1395 2395 1434 2470 δι
1465 2401 1649 2470 unacum
1671 2389 1781 2470 Luna
1799 2412 1913 2474 motu
1932 2395 2046 2476 omni
2180 2427 2181 2440 ¹

568 2507 722 2615 privata
738 2495 915 2599 demitti,
944 2531 988 2588 ut
1006 2506 1047 2586 in
1075 2509 1236 2588 Terram
1257 2501 1369 2585 simul
1379 2503 1545 2596 cadant;
1577 2503 2047 2609 &perjamanteostensa

567 2643 719 2704 certum
753 2620 807 2704 est
835 2619 947 2729 quod
967 2622 1211 2727 temporibus
1239 2619 1454 2727 :equalibus
1483 2612 1702 2696 describent
1729 2619 1894 2730 aequalia
1922 2619 2048 2729 spatia
2180 2699 2181 2708 r

567 2759 659 2832 cum
680 2735 808 2825 Luna,
838 2735 1019 2842 adeoque
1036 2732 1150 2840 quod
1169 2732 1256 2812 sunt
1273 2735 1322 2814 ad
1332 2732 1592 2841 quantitatem
1608 2733 1826 2814 materiaein
1839 2733 1969 2822 Luna,
2000 2757 2045 2816 ut

569 2845 745 2954 pondera
781 2846 845 2926 sua
876 2845 926 2926 ad
960 2843 1078 2953 ipsius
1112 2847 1284 2954 pondus.
1345 2849 1465 2926 Porro
1494 2842 1682 2952 quoniam
1712 2845 1900 2928 Satellites
1923 2843 2040 2960 Jovis

568 2960 811 3065 temporibus
836 2958 1092 3040 revolvuntur
1117 2987 1201 3066 quae
1228 2957 1377 3040 suntin
1402 2958 1553 3040 ratione
1577 2953 1846 3066 sesquiplicata
1861 2959 2042 3042 dillanti·

568 3074 725 3156 aruntis
750 3093 886 3156 centro
902 3072 1032 3184 Jovis‚
1063 3093 1177 3154 erunt
1202 3099 1338 3154 eorum
1356 3073 1570 3183 gravitates
1592 3073 1876 3154 acceleratrices
1903 3075 1943 3156 in
1974 3068 2043 3186 Jo-

570 3213 657 3270 vent
685 3187 887 3295 reciproce
909 3209 955 3267 ut
984 3187 1174 3296 quadrata
1198 3183 1468 3268 distantiarum
1492 3183 1515 3267 l
1538 3207 1675 3264 centro
1697 3185 1831 3296 soria
1865 3195 1904 3270 bt
1923 3213 2049 3296 prop·

569 3319 673 3384 terea
698 3303 738 3382 in
763 3300 1015 3412 aequalibusa
1036 3300 1358 3400 Jovedillantiis,
1383 3319 1518 3382 eorum
1536 3299 1745 3408 gravitates
1760 3303 2051 3386 acceleratrices

569 3415 781 3497 evaderent
816 3415 989 3524 equales.
1050 3413 1224 3496 Proinde
1247 3413 1492 3522 temporibus
1518 3410 1736 3519 aequalibus
1761 3419 1809 3496 ab
1835 3417 2048 3528 aequalibus

572 3527 846 3610 altitudinibus
869 3527 1080 3624 cadendo,
1117 3527 1376 3612 describerent
1397 3524 1563 3638 aqualia
1580 3522 1702 3632 spatia
1711 3571 1725 3626 3
1757 3529 1922 3638 perinde
1940 3553 1982 3611 ut
2001 3527 2049 3610 fit

574 3641 614 3724 in
641 3639 843 3747 gravibus,
871 3641 913 3719 in
939 3640 1014 3720 hac
1041 3642 1166 3722 Terra
1183 3641 1322 3721 nostra.
1384 3641 1434 3720 Et
1460 3639 1599 3721 eodem
1625 3666 1858 3752 argumento
1877 3639 2046 3726 Planetae

521 3810 526 3830 .
576 3749 865 3834 circumsolares
894 3753 941 3832 ab
967 3752 1183 3860 aequalibus
1207 3754 1229 3832 l
1254 3752 1346 3833 Sole
1364 3751 1558 3834 distantiis
1578 3751 1751 3848 demissi,
1778 3753 1960 3840 descensu
1976 3755 2047 3836 suo

574 3863 615 3945 in
635 3865 766 3948 Solem
788 3865 1002 3976 aequalibus
1021 3867 1260 3973 temporibus
1277 3865 1583 3980 oequaliaspatia
1601 3867 1871 3954 describerent.
1936 3871 2053 3958 Vires
2180 3933 2181 3954 r

573 3999 726 4078 autem,
753 3983 897 4092 quibus
926 4003 1095 4090 corpora
1122 3979 1329 4090 inaequalia
1353 3981 1559 4091 aequalitet
1581 3984 1873 4081 accelerantur,
1903 3985 1987 4068 lunt
2004 4007 2056 4066 ut

575 4087 776 4202 corpo'ra;
815 4095 891 4176 boc
928 4091 1010 4186 est,
1050 4094 1223 4204 pondera
1253 4119 1303 4176 ut.
1324 4099 1562 4205 quantitates
1593 4099 1763 4184 materias
1794 4099 1836 4180 in
1869 4099 2056 4182 Planetis.

576 4204 703 4288 Porro
739 4207 848 4318 Jovis
879 4219 916 4294 &
946 4211 1028 4319 ejus
1055 4207 1273 4291 satellitum
1306 4209 1478 4317 pondera
1509 4214 1547 4292 in
1576 4213 1708 4294 Solem
1738 4214 2062 4320 proportionalia

576 4319 650 4404 elle
675 4323 957 4434 quantitatibus
977 4326 1320 4417 materiatarum,
1352 4345 1459 4432 patet
1479 4352 1527 4406 ex
1550 4353 1659 4408 motu
1684 4325 1905 4410 Satellitum
1930 4353 2060 4438 quarn

578 4439 749 4520 maxime
780 4435 977 4545 tegulari3
1006 4463 1075 4545 per
1098 4435 1238 4520 Corol.
1264 4462 1299 4543 3.
1328 4437 1434 4544 Prop
1473 4467 1573 4520 cxv.
1605 4445 1675 4522 lib
1710 4442 1735 4518 l.
1801 4443 1907 4522 Nam
1931 4439 1959 4524 li
1979 4437 2060 4522 lto·

581 4573 666 4628 rum
692 4552 813 4662 aliqui
844 4551 966 4658 magis
997 4551 1241 4634 traherentur
1270 4553 1309 4631 in
1341 4551 1492 4642 Solem,
1527 4581 1600 4662 pro
1630 4554 1851 4664 quantitate
1881 4565 2062 4638 materiae

534 4731 540 4746 .
576 4655 680 4755 suae,'
703 4689 819 4772 quam
850 4663 1000 4744 ceteri:
1033 4690 1162 4748 motus
1193 4665 1412 4746 Satellitum
1446 4679 1541 4772 (per
1564 4669 1703 4748 Cornl.
1734 4699 1766 4748 2.
1803 4667 1920 4780 Prop.
1953 4693 2066 4752 axv.

580 4773 668 4858 Lib.
694 4778 744 4890 l.)
775 4801 822 4856 ex
852 4775 1115 4886 lnoequalitate
1137 4779 1389 4861 attractionis
1420 4783 1741 4883 perturbarentur.
1805 4785 1845 4862 Si
1876 4787 2065 4896 (paribus

577 4887 599 4969 d
625 4889 720 4975 Sole
744 4887 963 4999 distantiis)
989 4890 1150 4972 Satelles
1178 4889 1322 5000 aliquis
1339 4895 1497 5000 grauior
1513 4893 1602 4976 eslet
1622 4897 1659 4976 iu
1680 4895 1812 4977 Solem
1837 4922 1910 5004 pro
1931 4923 2066 5003 quan·

1943 5035 2070 5096 ritate
