4432 5680
406 1371 412 1380 ·
542 1337 738 1424 Vortices
758 1357 974 1448 nequeunt
992 1335 1216 1446 explicari:
1260 1334 1379 1428 Iino.
1427 1335 1678 1442 nequidem
1713 1329 2001 1418 cumVortici

984 365 1600 490 ‚dumosis

540 631 547 642 -
594 576 762 664 Summa·
787 573 847 660 rei
876 572 958 658 huc
988 573 1300 660 tandemiedita
1327 567 1603 656 Cometarum
1622 564 1844 678 ingensest
1860 589 2080 668 numerosi

542 705 680 772 motus
707 709 852 768 eorum
878 681 972 768 sunt
990 680 1147 766 summe
1167 680 1373 788 regulares
1392 735 1406 778 ,
1456 677 1499 762 δι
1517 675 1677 760 casdem
1696 679 1806 786 leges
1825 703 1920 764 cum
1939 678 2087 764 Plane-

542 813 677 880 tarum
696 792 877 879 motibus
904 791 1132 876 observant.
1185 787 1417 874 Moventur
1437 787 1481 872 in
1509 783 1692 870 Orbibus
1711 786 1913 884 Conicis‚
1951 787 1994 871 hi
2020 813 2086 872 or·

541 904 612 987 bes
637 901 730 988 sunt
759 903 876 988 valde
901 903 1128 990 admodum
1154 896 1390 984 eccentrici.
1443 893 1649 982 Feruntur
1676 895 1861 1005 undique
1879 895 1922 980 in
1939 921 2085 982 omnes

543 1011 764 1098 Coelorum
790 1030 926 1118 partes
945 1067 960 1108 ,
1000 1009 1043 1094 &
1065 1009 1324 1094 Planetarum
1342 1003 1533 1113 regiones
1550 1003 1758 1090 liberrime
1777 1003 2084 1113 pertranseunt,

543 1119 588 1206 δι
616 1120 721 1225 saepe
749 1139 894 1206 contra
922 1118 1145 1230 Signorum
1173 1117 1364 1202 ordinem
1393 1117 1606 1200 incedunt.
1669 1111 1778 1200 Haec
1805 1109 2085 1216 Pbaenomenn

541 1226 763 1314 certiffime
788 1227 1086 1319 confirmantur
1111 1251 1165 1312 ex
1192 1224 1558 1328 observationibus
1583 1219 1910 1320 Astrunotnicis:
1949 1223 1992 1308 dc
2005 1251 2085 1418 ger

2034 1362 2084 1420 us

540 1447 805 1534 Planetarum
832 1445 1047 1532 consistere
1072 1441 1248 1554 possunt.
1318 1442 1589 1529 Cometarum
1616 1441 1799 1527 motibus
1832 1445 2007 1530 omnino
2024 1446 2083 1530 lo·

540 1581 616 1642 cus
654 1581 741 1641 non
776 1555 887 1655 erit;
941 1553 1016 1643 nisi
1053 1554 1221 1640 materia
1253 1551 1320 1636 illa
1357 1549 1497 1637 fisiitia
1543 1550 1706 1660 penitus
1741 1575 1766 1635 e
1803 1548 1938 1638 Coelis
1974 1575 2085 1640 arno·
2161 1561 2170 1568 ’

542 1685 699 1752 ventur..
1041 1750 1046 1759 ,

597 1773 641 1860 Si
668 1774 778 1860 enim
806 1773 987 1868 Planetae
1016 1774 1174 1867 circum
1205 1769 1342 1856 Solem
1362 1795 1384 1854 a
1402 1767 1647 1860 Vorticibus
1663 1767 1947 1868 devehunturr
1976 1769 2087 1858 Vor-

542 1880 672 1968 ticum
693 1901 850 1993 partes,
879 1907 971 1991 quae
989 1883 1176 1989 proxime
1196 1879 1382 1965 ambiunt
1411 1901 1748 1988 unumquemque
1775 1877 2015 1979 Planetam,
2045 1901 2088 1966 c-

538 1988 700 2098 jusdem
727 1990 935 2076 densitatis
954 2011 1076 2084 erunt
1105 2017 1152 2074 ac
1179 1989 1370 2084 Planeta;
1400 1989 1462 2074 uti
1491 1987 1609 2095 supra
1636 1987 1791 2072 diduci
1818 1984 1898 2073 eli·
1944 1987 2085 2099 Itaque

539 2101 711 2185 materia
739 2103 805 2186 illa
833 2102 967 2184 omnis
995 2123 1089 2209 quae
1107 2105 1303 2208 contigua
1328 2095 1388 2180 est
1406 2093 1530 2210 Orbis
1558 2097 1695 2208 magni
1722 2095 1980 2204 perimetro,
2016 2121 2087 2206 pa·

540 2233 630 2294 rem
659 2209 827 2296 habebit
854 2236 902 2292 ac
924 2208 1072 2296 Tellus
1096 2205 1369 2294 densitatem:
1417 2229 1511 2316 quae
1539 2231 1640 2291 vero
1663 2214 1771 2310 jacet
1798 2205 1905 2290 intra
1924 2205 2086 2298 Orbem

540 2335 736 2424 magnum
764 2336 890 2425 atque
918 2315 1076 2403 Orbem
1104 2315 1303 2413 Saturni,
1358 2315 1424 2398 vel
1450 2340 1588 2422 parem
1608 2317 1673 2402 vel
1693 2312 1888 2420 majorem
1907 2313 2088 2402 hebebit.

539 2423 648 2508 Nam
668 2443 714 2508 ut
743 2423 984 2508 constitutio
1000 2421 1186 2510 Vorticis
1212 2447 1453 2530 permanere
1478 2421 1635 2531 possit,
1673 2421 1831 2508 debent
1858 2443 1993 2530 partes
2011 2427 2086 2508 mi·

535 2555 619 2616 nus
636 2528 773 2618 densae
789 2550 979 2616 centrum
997 2554 1225 2638 occupare,
1263 2530 1391 2638 tnagis
1407 2529 1544 2614 densae
1562 2530 1725 2641 longius
1750 2559 1774 2616 a
1798 2553 1948 2626 centro
1963 2533 2088 2621 abire.

541 2637 655 2723 Cum
681 2639 791 2723 enini
819 2638 1085 2723 Planetarum‘
1107 2659 1293 2746 tempora
1320 2634 1530 2744 periodica
1566 2637 1643 2725 sint
1673 2639 1715 2722 in
1744 2640 1906 2726 rarione
1931 2640 2087 2750 sesqui·

535 2747 688 2856 plictta
723 2745 1001 2832 distantiarum
1037 2773 1060 2830 a
1087 2742 1216 2842 Sole,
1272 2763 1439 2853 oportet
1474 2747 1653 2854 partium
1680 2745 1866 2834 Vorticis
1892 2751 2087 2856 periodos

540 2860 716 2942 eandem
743 2858 947 2941 rationem
975 2853 1145 2943 servare.
1198 2853 1295 2939 Inde
1322 2877 1423 2938 vero
1449 2851 1669 2963 sequitur,
1698 2855 1806 2942 vires
1832 2857 2086 2970 centrifugas

540 2963 687 3051 barum
722 2965 899 3070 partium
937 2963 1028 3048 fore
1063 2963 1278 3069 reciproce
1315 2982 1362 3048 ut
1398 2965 1595 3072 quadrata
1629 2961 1920 3054 distantiarum.
1972 2975 2085 3080 Quae

536 3071 667 3181 igitur
694 3081 848 3178 malote
865 3073 1084 3158 intervallo
1112 3071 1258 3158 distant
1288 3100 1310 3155 a
1338 3091 1510 3171 centro,
1540 3073 1732 3160 nituntur
1758 3072 1810 3158 ab
1839 3079 1988 3162 eodem
2015 3105 2084 3166 re·

539 3183 691 3266 cedere
718 3182 880 3266 minore
908 3189 968 3266 vi:
998 3184 1110 3266 unde
1136 3179 1318 3269 siminus
1336 3180 1472 3264 densae
1491 3183 1669 3275 suerint,
1698 3179 1928 3271 neceffeest
1946 3207 1993 3274 nt
2010 3215 2086 3274 ce·

536 3289 637 3373 dent
665 3289 706 3372 vi
738 3289 905 3398 majori,
935 3315 1017 3398 qua
1042 3306 1178 3395 partes
1205 3308 1352 3374 centro
1379 3291 1593 3399 propiores
1619 3289 1839 3377 ascendere
1866 3287 2084 3386 conantur.

535 3394 777 3483 Ascendenr
808 3425 910 3509 ergo
937 3395 1176 3495 densiores,
1207 3397 1458 3484 descendent
1476 3401 1611 3484 minus
1635 3399 1794 3494 dense,
1824 3400 2084 3494 &locorum

535 3503 609 3588 fiet
634 3507 815 3592 invicem
842 3509 1118 3612 permutatioi
1157 3510 1294 3593 donec
1312 3509 1370 3592 ita
1397 3505 1523 3592 suerit
1552 3505 1739 3618 disposita
1765 3529 1893 3620 atque
1920 3515 2085 3600 ordina·

535 3629 581 3694 ta
609 3613 777 3696 materia
796 3609 922 3696 fluida
942 3612 1072 3700 totius
1089 3611 1274 3698 Vorticis
1294 3669 1307 3710 ‚
1338 3631 1385 3700 ut
1404 3615 1699 3722 conquiescere
1722 3621 1809 3724 jam
1825 3615 1945 3726 poffit
1963 3623 2008 3708 in
2026 3648 2081 3708 ιε·

537 3717 986 3828 puilibrioconstituta.
1040 3719 1082 3806 si
1104 3719 1198 3806 bina
1217 3720 1251 3806 F
1251 3721 1360 3806 luidt
1381 3778 1394 3818 ‚
1433 3745 1613 3830 quorum
1633 3725 1789 3812 diversa
1808 3725 1868 3812 est
1884 3727 2082 3826 densitas.

536 3825 582 3926 in
609 3830 760 3912 eodem
786 3827 879 3914 vase
905 3827 1209 3928 continenturr
1239 3830 1387 3938 utique
1415 3827 1600 3918 futurum
1619 3831 1676 3918 eli
1694 3853 1741 3920 ut
1760 3832 1978 3937 Fluidum‚
2005 3866 2082 3928 cu·

534 3931 601 4042 ius
626 3943 756 4036 major
780 3935 839 4020 est
858 3935 1051 4028 densitas.
1083 3947 1238 4044 majore
1262 3939 1306 4023 vi
1324 3937 1548 4027 Gravitatis
1564 3940 1751 4028 infimum
1778 3962 1891 4050 petat
1917 3947 2081 4038 locum:

537 4041 582 4128 dc
609 4045 769 4130 rarione
797 4071 883 4132 non
903 4045 1069 4136 absimili
1097 4047 1270 4134 omnino
1288 4049 1512 4136 dicendum
1532 4047 1622 4148 est,
1669 4049 1876 4140 densiores
1896 4053 2085 4148 Vorticis

535 4172 674 4260 partes
702 4153 856 4262 majore
883 4157 923 4240 vi
951 4155 1184 4268 centrifuga
1210 4177 1355 4264 petere
1379 4155 1614 4266 supremum
1643 4160 1794 4248 locum.
1859 4161 1975 4252 Tota
2002 4167 2083 4278 igi·

536 4279 606 4364 tur
630 4261 695 4348 illa
725 4259 767 4348 δι
796 4265 930 4348 multo
958 4265 1132 4354 maxima
1159 4291 1249 4372 pars
1266 4265 1484 4367 Vorticis,
1513 4267 1733 4377 quaejacet
1762 4287 1879 4358 extra
1896 4271 2084 4364 Telluris

536 4369 718 4468 orbem,
748 4369 992 4458 densitatem
1020 4375 1182 4459 habebit
1211 4393 1337 4483 atque
1362 4379 1467 4460 adeo
1488 4377 1570 4461 vim
1591 4377 1749 4462 inertiae
1768 4401 1845 4486 pro
1865 4383 1978 4470 mole
1994 4409 2084 4472 uia-

537 4478 672 4572 teriae‚
702 4502 797 4588 que
825 4505 911 4566 uon
940 4482 1077 4568 minor
1104 4483 1181 4568 erit
1211 4507 1335 4592 quarn
1362 4483 1535 4572 densitas
1555 4484 1597 4569 δι
1616 4485 1677 4570 vis
1695 4487 1854 4572 inertiae
1873 4487 2082 4582 Telluris:

534 4585 635 4670 inde
661 4611 763 4673 vero
782 4585 972 4675 Cometis
991 4589 1167 4696 trajesiis
1194 4593 1353 4678 orietur
1372 4595 1516 4706 ingens
1536 4592 1780 4694 resistentia,
1810 4594 1854 4678 ἃ
1873 4599 1990 4685 valde
2009 4603 2087 4688 ad·

538 4697 713 4779 modurn
733 4695 950 4795 sensibilisr
979 4725 1031 4784 ne
1049 4703 1208 4798 dicam,
1229 4726 1323 4809 quae
1342 4725 1505 4790 motum
1525 4707 1754 4790 eorundem
1773 4707 1936 4815 penitus
1945 4703 2088 4800 sistere

542 4823 668 4918 atque
687 4801 897 4894 absorbere
915 4803 1026 4917 posse
1045 4810 1194 4896 merito
1215 4811 1413 4899 videatur.
1448 4809 1619 4898 Constat
1640 4832 1778 4907 autern
1797 4839 1851 4900 ex
1866 4836 1984 4900 motu
1997 4817 2087 4902 Co-

1877 4943 2087 5016 metarum
