4432 5680
532 355 588 458 '³6'
734 344 739 352 ⁶
816 345 1322 448 PHILOSOPHIAE
1387 349 1776 446 NATURALIS

317 523 509 602 nestore
533 529 605 618 ubi
633 553 751 616 arcus
777 529 835 616 illi
863 525 906 614 in
925 527 1134 616 infinitum
1160 527 1460 616 diminuuntur.
1513 529 1618 618 Nam
1640 531 1702 616 bre
1719 530 1868 644 sagitte
1894 534 1988 623 sunt
2018 537 2039 624 s
2066 583 2078 604 ·

320 613 531 696 &nectunt

530 635 664 728 milies
679 639 960 750 diagonalium
987 642 1040 724 de
1060 638 1211 749 quibus
1230 641 1390 748 egimus
1411 641 1454 724 in
1476 637 1711 726 Corollario
1730 643 1865 728 tertio.

580 747 705 834 Corot.
728 779 766 854 5.
803 747 985 858 Ideoque
1015 749 1126 834 vires
1153 752 1311 834 eaedem
1328 747 1422 834 sunt
1443 749 1494 834 ad
1513 751 1597 834 vim
1616 749 1846 854 gravitatis,
1875 773 1922 838 ut
1942 751 1998 837 ha
2015 753 2078 841 sa·

525 860 644 976 gittae
670 855 789 980 adst
819 857 913 941 istas
939 855 1147 942 horizonti
1175 859 1533 968 perpendiculares
1549 883 1722 961 arcuum
1739 859 2075 952 Parabolicotum
2126 942 2137 966 ‚

528 995 632 1082 quos
651 989 767 1078 proJe
810 966 877 1049 ilia
898 969 1048 1050 eodem
1069 986 1259 1074 tempore
1277 965 1529 1052 describunt.

583 1077 706 1164 Corol.
725 1079 760 1160 6.
789 1073 948 1160 Eadem
968 1077 1106 1160 omnia
1126 1077 1318 1160 obtinent
1337 1101 1410 1183 per
1429 1075 1596 1185 Legum
1613 1075 1756 1162 Corol.
1776 1104 1848 1173 tv,
1868 1079 1942 1164 ubi
1959 1083 2076 1190 plana

527 1190 575 1274 in
603 1184 755 1296 quibus
772 1209 946 1293 corpora
965 1206 1188 1270 moventur
1207 1250 1218 1279 ,
1259 1209 1340 1269 una
1358 1208 1454 1269 cum
1472 1187 1626 1270 centris
1645 1185 1794 1272 virium
1812 1211 1906 1295 quae
1926 1189 1967 1274 in
1985 1191 2078 1301 ipsis

529 1293 602 1382 fita
619 1295 734 1388 sunt,
763 1319 849 1380 non
869 1293 1110 1403 quiescunt,
1134 1295 1205 1379 sed
1224 1314 1448 1380 moventur
1465 1293 1728 1380 uniformiter
1748 1298 1793 1380 in
1813 1295 2025 1388 directum.

782 1481 1284 1572 PROPOSITIOll.
1338 1479 1752 1574 THEOREMA
1786 1485 1832 1573 ΙΙ.

533 1679 702 1817 Corpus
724 1713 850 1778 omne
876 1759 891 1807 ‚
931 1680 1055 1813 quod
1080 1706 1281 1780 movetur
1315 1679 1364 1776 irr
1385 1677 1506 1777 linea
1529 1677 1689 1815 aliquo
1711 1717 1851 1779 curvo
1872 1681 2080 1821 inploro

603 1815 827 1954 descripta
855 1896 869 1940 ‚
907 1815 969 1922 &²
992 1815 1120 1917 radio
1145 1815 1274 1917 desit
1302 1815 1371 1914 od
1382 1815 1604 1954 pendium
1624 1817 1704 1918 vel
1718 1817 1966 1942 immobile,
2004 1821 2084 1920 oei

603 1981 726 2054 motu
747 1952 977 2054 reiiilirreo
1008 1954 1294 2082 rmifhrmiter
1309 1953 1628 2090 progredieris,
1698 1954 1905 2074 describit
1940 1993 2078 2057 areas

605 2091 729 2194 circa
753 2089 975 2231 prndium
996 2089 1115 2190 illud
1134 2089 1402 2230 temporibus
1421 2093 1807 2232 proportionales,
1841 2121 2022 2230 urgetur
2049 2132 2081 2194 a

603 2229 655 2332 tri
678 2229 927 2369 centripeto
948 2229 1155 2330 tendente
1179 2230 1248 2328 ad
1262 2227 1382 2338 idem
1397 2229 1632 2368 pertisum.

533 2431 548 2446 »ι
595 2469 686 2556 Cer.
709 2495 745 2550 r.
782 2467 888 2552 Nam
907 2493 1057 2572 corpus
1080 2493 1206 2552 omne
1226 2471 1341 2578 quod
1370 2489 1563 2555 movetur
1579 2473 1623 2554 in
1641 2469 1746 2552 liner
1766 2495 1913 2568 curva,
1943 2472 2085 2556 detor·
2130 2537 2135 2544 .

573 2599 694 2664 uetur
722 2577 775 2659 de
794 2575 910 2660 cursu
939 2575 1150 2667 reslilineo
1175 2603 1248 2684 per
1267 2578 1350 2661 vim
1369 2580 1548 2685 aliquam
1566 2577 1609 2662 in
1625 2577 1756 2686 ipsum
1774 2599 1965 2688 agentem
1984 2581 2001 2684 ζ
2011 2607 2086 2690 per

540 2603 644 2800 ieg.
672 2687 733 2788 t.)
764 2684 818 2772 Et
837 2685 897 2770 vis
915 2687 979 2770 illa
998 2711 1082 2796 qua
1098 2712 1249 2792 corpus
1268 2691 1321 2770 de
1343 2687 1469 2772 cursu
1491 2683 1704 2770 reslilineo
1720 2689 2022 2797 detorquetur,
2041 2689 2084 2772 dc

539 2797 934 2990 lllltttltlt
949 2806 1461 3030 lilllllmlqllld
1469 2794 2089 3016 {ltalsltclltdiilll

540 3014 638 3100 loco
666 3011 950 3098 Bsecundum
968 3015 1118 3098 lineam
1137 3013 1365 3120 parallelam
1386 3009 1461 3119 rpfi
1479 3015 1546 3094 cC
1574 3017 1598 3124 (
1616 3041 1688 3122 per
1708 3011 1828 3121 Prop.
1848 3039 1922 3098 xc.
1943 3013 2039 3100 Lib.
2065 3045 2085 3098 r

540 3119 675 3212 Elem.
696 3120 737 3208 dt
758 3121 860 3234 Leg.
887 3129 981 3230 11.)
1010 3123 1091 3206 hoc
1111 3121 1194 3220 eli,
1223 3121 1450 3206 secundum
1468 3123 1619 3206 lineam
1637 3119 1741 3215 Bt,
1754 3121 1796 3205 dt
1815 3123 1856 3206 in
1876 3123 2017 3208 locoC
2030 3123 2089 3208 se·

541 3233 727 3318 cundum
748 3233 897 3319 lineam
915 3231 987 3340 ipsi
1004 3230 1089 3314 dv
1106 3231 1335 3340 parallelum
1355 3294 1365 3320 .
1385 3230 1466 3316 hoc
1486 3227 1800 3322 ess‚secundum
1817 3231 1964 3316 lineam
1984 3229 2089 3332 SC,

541 3341 623 3472 dte.
661 3343 766 3540 igit
776 3369 888 3537 §rgo
906 3343 1061 3536 senlqu
1080 3339 1310 3428 secundum
1328 3341 1454 3425 lineas
1473 3340 1690 3424 tendentes
1701 3343 1752 3425 ad
1762 3337 1957 3450 punsium
1976 3342 2084 3428 illud

540 3457 757 3646 tmgt‘qple
787 3561 866 3652 Et,
883 3453 958 3660 ἐπ
977 3520 1144 3666 [crium
1164 3558 1442 3644 Corollarium
1469 3559 1661 3666 quintum
1683 3616 1697 3655 ,
1741 3557 1911 3668 perinde
1928 3555 1987 3643 esi
2006 3557 2091 3646 sve

543 3666 729 3780 quiescat
758 3665 991 3772 superficies
1008 3667 1051 3748 in
1072 3693 1153 3777 qua
1171 3665 1334 3774 Corpus
1352 3663 1541 3750 describit
1560 3667 1730 3778 figuram
1751 3665 2025 3764 redilineam,
2043 3669 2092 3754 st·

543 3805 597 3864 ve
614 3797 831 3862 moveatur
850 3776 996 3858 eadem
1017 3801 1213 3858 unacum
1232 3797 1409 3884 corpore
1428 3833 1444 3874 ,
1472 3773 1602 3886 figure
1620 3773 1848 3885 descripta,
1874 3773 1918 3858 dc
1935 3773 2092 3886 pundo

544 3887 622 3972 suo
639 3884 672 3966 S
697 3883 961 3970 uniformiter
980 3885 1023 3968 in
1045 3879 1259 3968 diresium.

603 3993 727 4080 Corol.
749 4023 782 4080 r.
809 3995 854 4080 ln
873 3993 1020 4104 Spatiis
1036 3997 1102 4080 vel
1123 3991 1280 4079 Mediis
1298 4021 1385 4081 non
1404 3991 1699 4084 resistentibus.
1717 3990 1748 4076 fi
1766 4019 1871 4078 areae
1891 4017 1978 4081 non
1994 3995 2091 4085 sunt

545 4105 804 4214 temporibus
821 4106 1172 4212 proportionales,
1191 4095 1296 4188 iires
1315 4131 1402 4190 non
1423 4105 1602 4188 tendunt
1621 4108 1672 4189 ad
1691 4102 1937 4189 concursum
1957 4108 2095 4192 radio·

542 4241 663 4312 rum;
682 4214 752 4298 sed
771 4215 869 4298 inde
888 4217 1097 4300 declinant
1115 4215 1158 4299 in
1177 4211 1473 4338 consequentia
1492 4212 1558 4297 seu
1580 4211 1715 4296 versus
1732 4215 1893 4322 plagam
1911 4215 2094 4323 inquam

542 4323 592 4412 fit
611 4345 783 4424 motus,
812 4321 987 4408 simodo
1004 4351 1193 4410 arearum
1207 4321 1427 4433 descriptio
1452 4324 1728 4408 acceleratur:
1758 4321 1816 4408 fin
1836 4325 2095 4430 retardatur,

415 4451 420 4462 '
546 4435 759 4519 declinant
783 4433 825 4518 in
847 4433 1145 4518 antecedentia

627 4541 750 4624 Corol.
770 4577 809 4626 2.
835 4540 880 4624 ln
901 4541 1054 4624 Mediis
1071 4543 1196 4626 etiam
1216 4537 1517 4636 refistentibus.
1532 4539 1561 4626 fi
1577 4567 1763 4628 arearum
1782 4541 2005 4652 descriptio
2022 4571 2097 4630 ac-

547 4651 778 4749 celeratur,
799 4649 948 4733 virium
968 4647 1214 4736 directiones
1231 4653 1441 4740 declinant
1460 4677 1486 4738 a
1504 4653 1708 4742 concursu
1725 4655 1934 4744 radiorum
1952 4653 2098 4744 versus

547 4765 708 4876 plagam
727 4769 768 4846 in
789 4783 913 4871 quam
933 4755 979 4844 fit
998 4780 1148 4847 motus.

1886 5008 2098 5109 scholium,
