4408 5690
354 414 711 515 Patricium
763 327 1328 520 Meritorin'rtcn.
1573 428 1664 546 sre-

13 565 14 618 ἶ
162 613 290 705 Coros.
327 614 457 728 Igitur
484 581 986 706 motusveiocissitnusin
1005 595 1154 706 Medio
1184 585 1495 706 resistentenon
1513 593 1660 705 incidit
1716 615 1856 684 ¹:¹³²!
2004 627 2009 644 ⁶

13 785 14 794 ι
113 733 157 820 in
174 725 375 838 punsinm
395 725 584 814 infimum
605 727 661 825 C,
699 726 769 812 sed
788 730 992 840 repetitur
1019 730 1061 813 in
1085 730 1241 840 punslo
1261 730 1332 815 illo
1353 732 1411 820 0,
1440 755 1527 840 quo
1544 702 1861 814 arcus⁸¹⁶¹¹⁸⁰⁰³

116 863 232 926 totus
252 836 480 941 descriptus
502 837 583 919 aB
600 835 814 924 bisecatur.
880 837 934 924 Et
957 863 1108 948 corpus
1124 839 1297 924 subinde
1318 839 1532 952 pergendo
1550 841 1601 924 ad
1620 863 1661 938 a,

13 1017 14 1036 ι
117 949 262 1148 isisdern
311 947 474 1140 tppigus
492 949 724 1033 retardatur
742 947 892 1060 quibus
918 970 1038 1036 antea
1064 949 1368 1038 accelerabatur
1396 951 1440 1036 in
1467 946 1640 1070 descens
1668 1064 1673 1073 Ι

100 1087 234 1161 ¹noa
434 1118 442 1136 .

276 1239 725 1331 Prtorosmo
751 1239 912 1329 xxvi.
947 1223 1360 1346 Titnott'usrs
1398 1239 1537 1382 xxt.

126 1455 370 1594 Corporum
402 1445 818 1605 Funrpr'ndulorum
856 1451 1014 1588 quibus
1047 1453 1259 1584 resistitur
1282 1453 1330 1552 irs
1352 1457 1527 1554 ratione
1548 1453 1672 1588 velo-¹

194 1591 408 1716 citatum,
446 1587 731 1716 oscillationes
753 1591 801 1691 irr
828 1589 1028 1726 Cycloide
1037 1597 1149 1714 sunt
1170 1589 1438 1743 Issrchronae.·

179 1789 299 1876 Nom
324 1785 352 1872 ss
380 1811 555 1896 corpora
581 1791 710 1886 duo,.
734 1814 757 1870 a
777 1794 929 1902 centris
953 1785 1258 1896 suspensionum
1288 1787 1501 1898 aequaliter
1529 1784 1676 1874 distert-

125 1910 204 1995 tia,
224 1896 454 1983 oscillando
470 1897 701 1984 describant
724 1921 841 1982 orcus
859 1898 1102 2006 inequales,
1117 1898 1158 1982 siz
1182 1899 1420 1984 velocitates
1439 1899 1482 1984 in
1502 1921 1677 1986 arcuum
1821 1893 1825 1902 ’

126 2009 313 2122 partibus
333 2009 750 2118 correspondentibus
779 2005 855 2090 srnt
883 2008 1136 2093 adinvicem
1161 2025 1208 2092 ut
1228 2035 1344 2092 arcos
1366 2009 1467 2094 toti:
1495 2005 1679 2092 resisten-

128 2125 195 2204 riae
223 2117 515 2204 velocitatibus
537 2119 891 2226 proportionales,
918 2137 1041 2202 erunt
1062 2119 1187 2202 eiiam
1209 2121 1259 2202 ad
1279 2119 1527 2204 invicemut
1548 2117 1678 2202 iidem

129 2255 261 2318 orcus.
308 2228 491 2314 Proinde
510 2227 538 2313 si
557 2223 712 2312 viribus
729 2225 1011 2314 motricibuso
1032 2229 1239 2338 gravitate
1249 2227 1459 2324 oriundiS,
1484 2252 1580 2334 quse
1598 2223 1681 2310 sint

132 2363 178 2426 ut
198 2340 329 2424 iidem
347 2364 489 2436 orcus,
521 2337 760 2424 auferantur
778 2338 842 2422 rel
866 2340 1071 2422 eddrntur
1100 2337 1156 2422 hae
1176 2335 1438 2434 rcsstentiae,
1460 2355 1582 2422 munt
1603 2332 1681 2432 diss
1792 2401 1795 2408 .

131 2450 321 2537 serentiae
340 2451 406 2533 vel
433 2448 666 2533 summaead
687 2449 865 2534 invicem
883 2449 928 2533 in
949 2449 1093 2534 eadem
1114 2473 1284 2532 arcuum
1304 2445 1463 2532 ratione
1477 2484 1486 2530 ι
1499 2467 1683 2553 eumque

134 2560 404 2646 velocitatum
433 2559 689 2646 incrementa
718 2559 780 2642 vel
801 2559 1068 2644 decremento
1089 2555 1166 2642 srnt
1184 2577 1230 2640 ut
1259 2557 1316 2641 he
1340 2553 1586 2644 differentiae
1617 2553 1685 2642 rei

134 2670 329 2772 summae,
358 2670 601 2754 velocitates
615 2665 775 2778 semper
794 2685 918 2754 erunt
940 2685 987 2751 ut
1001 2693 1125 2750 arcus
1148 2667 1247 2751 toti:
1275 2666 1406 2778 Igitur
1426 2667 1684 2758 velocitates.

137 2779 263 2866 ssfint
285 2782 329 2864 in
349 2779 489 2889 aliquo
515 2783 606 2864 casu
634 2801 680 2864 ut
710 2803 832 2863 secus
858 2778 974 2874 toti,
1021 2776 1251 2862 manebunt
1280 2777 1441 2884 semper
1466 2775 1511 2860 in
1537 2776 1686 2860 eadem

138 2892 313 2994 ratione.
365 2888 448 2974 Sed
488 2887 766 2998 inprincipm
793 2907 966 2983 motus,
997 2886 1070 2972 ubi
1095 2913 1268 2994 corpora
1290 2888 1494 2996 incipiunt
1516 2880 1687 2974 descen·

140 3003 241 3086 dere
261 2999 304 3084 dc
322 3023 441 3082 arcus
460 2999 554 3082 illos
569 2995 826 3097 describere,
855 2999 959 3082 vires
982 3052 996 3093 ,
1037 3023 1134 3080 curn
1157 2995 1232 3080 srnt
1252 2998 1429 3082 arcubus
1479 2993 1688 3105 ropoetio²

142 3112 280 3207 noles,
311 3107 566 3218 generabunt
588 3108 828 3190 velocitates
847 3101 1023 3188 arcubus
1044 3104 1386 3210 proportionales.
1440 3023 1556 3211 Ergo
1576 3103 1691 3186 velo*

140 3221 290 3305 cirates
317 3219 478 3327 semper
502 3235 625 3300 erunt
644 3234 690 3299 ut
709 3239 829 3298 arcus
848 3213 928 3295 toti
946 3209 1206 3302 describendi
1227 3269 1240 3310 ,
1269 3211 1311 3295 dc
1331 3228 1551 3326 propterea
1569 3229 1688 3298 arcus

144 3329 202 3415 illi
221 3327 338 3414 stmul
360 3325 658 3413 describentur.
715 3321 770 3443 Q
791 3321 842 3404 E.
863 3322 927 3406 ‘D.

252 3483 715 3644 'prorostrro
763 3553 939 3646 xxvtt.
975 3549 1392 3642 rrtnonmrs
1429 3549 1560 3640 xxtt
1600 3577 1604 3586 ⁴

152 3757 204 3864 Si
230 3752 496 3900 Corporibus
515 3755 842 3897 Funependulis
864 3753 1077 3890 resistitur
1098 3755 1149 3856 in
1168 3754 1399 3894 duplicata
1423 3755 1604 3858 ratione
1617 3791 1698 3859 tre·
1809 3847 1811 3857 .

223 3899 482 4019 soritarum,
519 3895 782 4026 diffitentiae
803 3899 922 4006 inter
947 3923 1154 4034 tempora
1173 3893 1490 4017 oscillationem
1512 3894 1561 3996 in
1587 3895 1702 3998 Me·

199 4036 298 4140 'dio
326 4034 546 4166 reststenre
571 4071 626 4134 ac
658 4061 861 4172 tempora
896 4031 1215 4166 oscillationem
1238 4033 1287 4132 in
1323 4033 1518 4166 ejusdem
1535 4037 1701 4176 grovi-

222 4173 330 4275 raris
356 4169 582 4314 specifice
606 4170 767 4277 Medio
789 4163 876 4276 rion
896 4169 1116 4302 reststente
1143 4250 1157 4296 ‚
1206 4199 1336 4271 erunt
1357 4171 1545 4275 arcubus
1578 4170 1702 4300 oscis·

224 4311 357 4416 lando
378 4309 611 4453 descriptis
623 4306 1015 4453 proportionales,
1066 4345 1206 4449 quarn
1224 4309 1449 4448 proxime.
1472 4313 1475 4326 '
1497 4379 1501 4386 -

209 4515 317 4602 Nam
346 4503 538 4624 pendulis
562 4513 789 4625 oquelibus
814 4517 861 4601 in
889 4509 1043 4602 Medio
1058 4511 1270 4602 resstente
1288 4515 1572 4606 describantur
1589 4545 1709 4610 arcus

152 4626 382 4736 inaequales
406 4629 469 4721 Α,
490 4623 551 4720 Ba
580 4623 623 4709 δι
649 4621 868 4711 resistentis
897 4625 1083 4733 corporis
1108 4627 1152 4740 in
1169 4651 1267 4712 arcu
1288 4627 1441 4726 A,erit
1461 4631 1512 4714 ad
1531 4627 1709 4721 resisten-

152 4737 253 4821 tiam
274 4735 463 4841 corporis
492 4733 537 4819 in
557 4755 672 4842 parte
692 4735 1044 4846 correspondente
1064 4759 1183 4820 arcus
1204 4733 1266 4832 B,
1294 4734 1337 4821 in
1358 4737 1563 4843 duplicata
1588 4737 1711 4824 retio-

151 4873 209 4934 ne
238 4847 529 4948 relocitrtum,
560 4843 606 4937 id
625 4843 709 4946 esis
732 4865 779 4932 ut
798 4845 889 5038 Api
916 4847 968 4930 ed
988 4841 1108 4948 BB,
1146 4869 1271 4958 quem
1294 4847 1495 4958 proxime.
1548 4845 1599 5041 ssi
1619 4840 1712 4930 resr-

413 5003 445 5024 =
489 4976 492 4985 ·
813 4991 818 5000 ·
898 4977 941 5042 rn
973 4981 999 5034 2
1224 4965 1265 5018 -·
1601 4953 1713 5050 entit
