4432 5680
980 449 1023 546 E
1055 445 1097 546 D
1134 449 1153 545 Ι
1190 445 1241 549 Τ
1279 451 1326 546 O
1362 445 1406 544 tt
1443 453 1464 546 1
1498 445 1524 541 S

534 638 736 724 ridebitur
756 636 828 745 qui
848 636 976 750 finget
998 627 1231 737 Elater‘em,
1255 623 1297 726 a·
1318 623 1369 726 ex
1390 637 1618 754 Hypotlresi
1632 637 1683 723 fic
1705 635 1955 747 p‘raepropere
1977 663 2080 722 con-

534 743 625 832 fiala
654 767 815 831 motum
845 747 992 834 lndicis
1022 752 1225 859 explicare
1255 753 1474 858 suscipiet:
1514 749 1700 858 oportuit
1729 749 1839 830 enirn
1871 751 2078 832 internam

533 853 744 940 Machinae
765 853 958 942 fabricam
981 861 1158 967 penitius
1179 861 1419 968 perscrutari
1434 877 1501 950 ,ιιι
1523 859 1575 940 ita
1598 877 1734 940 motus
1755 855 1948 964 propositi
1967 857 2080 962 prin·

534 963 688 1070 cipium
717 989 860 1048 verum
888 971 1146 1076 exploratum
1176 969 1326 1052 haber'e
1355 966 1499 1070 posset.
1553 965 1663 1049 ldein
1695 967 1761 1048 vel
1794 991 1879 1049 non
1900 962 2080 1048 absimile

534 1071 693 1157 feretur
722 1072 919 1158 'odicium
947 1079 1000 1160 de
1029 1077 1290 1186 Philosopbis·
1311 1079 1417 1167 illis,
1448 1077 1521 1186 qui
1552 1073 1720 1158 materia
1748 1078 1925 1183 quadam
1955 1073 2077 1158 subti-

534 1178 677 1266 lislima
697 1103 843 1266 &ocios
870 1180 950 1267 esse
980 1187 1191 1294 repletos,
1221 1187 1326 1271 hanc
1354 1205 1492 1268 autem
1523 1185 1565 1268 in
1586 1183 1780 1270 Vortices
1798 1181 2077 1266 indesinenter

536 1291 601 1404 agi
629 1291 860 1376 voluerunt.
915 1294 1021 1376 Nam
1053 1292 1080 1376 fi
1110 1295 1400 1378 Pbaenomebis
1425 1294 1491 1376 vel
1520 1289 1816 1376 accuratissime
1848 1289 2080 1392 satisfacere

534 1396 696 1512 possent
724 1425 777 1484 ex
797 1397 1106 1511 Hypothestbus
1136 1402 1248 1499 suis;
1294 1427 1433 1487 veram
1466 1419 1604 1484 tamen
1634 1398 1925 1508 Philosophiam
1954 1397 2085 1482 tradi·

536 1505 667 1600 disse,
718 1507 900 1599 &veras
927 1511 1063 1596 causas
1093 1530 1284 1596 motuum
1313 1507 1543 1594 coelestium
1574 1505 1771 1594 invenisse
1801 1510 1988 1592 nondum
2017 1509 2081 1590 di-

538 1617 660 1700 cendi
689 1614 801 1726 sunt;
830 1616 903 1701 nisi
932 1618 996 1701 vel
1025 1620 1094 1703 has
1128 1645 1269 1704 revera
1298 1617 1494 1714 exislere,
1524 1619 1588 1701 vel
1618 1615 1757 1722 saltem
1779 1617 1872 1724 alias
1902 1641 1986 1700 non
2008 1641 2085 1700 ex·

537 1721 657 1812 ister'e
697 1725 1077 1812 demonstraverint.
1131 1727 1261 1836 Igitur
1290 1727 1316 1811 fi
1349 1725 1556 1811 'ostensum
1587 1725 1748 1824 suerit,
1799 1725 2081 1810 universorum

538 1857 761 1940 corporum
805 1834 1107 1920 Attradlionem
1135 1837 1286 1921 habere
1312 1861 1455 1921 verum
1491 1837 1630 1920 locum
1657 1835 1700 1918 in
1730 1849 1867 1918 rerum
1910 1854 2082 1932 natura;

572 1945 769 2026 uinetiam
808 1943 1006 2028 ostensum
1037 1945 1196 2046 suerit,
1240 1971 1322 2054 qua
1357 1948 1518 2029 ratione
1555 1964 1693 2029 motus
1721 1967 1867 2026 omnes
1894 1941 2085 2026 coelestes

539 2077 562 2136 a
594 2051 689 2136 inde
709 2050 956 2138 solutionem
976 2055 1199 2164 recipiant;
1229 2081 1329 2138 vana
1348 2053 1473 2138 suerit
1493 2052 1535 2135 &
1554 2055 1705 2136 merito
1722 2053 1946 2136 deridenda
1965 2051 2085 2159 obje-

541 2159 622 2245 ctio
640 2215 654 2256 ,
693 2159 719 2242 si
741 2161 833 2268 quis
853 2165 1005 2248 dixerit
1024 2163 1190 2248 eosdem
1212 2183 1348 2247 motus
1367 2189 1441 2270 per
1461 2161 1654 2246 Vortices
1673 2161 1867 2267 explicari
1888 2159 2042 2244 debere
2066 2219 2080 2258 ‚

540 2267 694 2354 etiarnsi
724 2270 765 2353 id
795 2269 881 2356 sieri
903 2267 1013 2380 posse
1034 2273 1098 2356 vel
1120 2273 1295 2358 maxime
1313 2267 1639 2356 concesserimus.
1696 2269 1793 2353 Non
1814 2287 1951 2352 autem
1982 2295 2082 2352 con·

541 2377 746 2460 cedimus:
774 2379 1001 2486 Nequeunt
1019 2381 1130 2463 enini
1148 2383 1234 2464 ullo
1252 2379 1370 2486 padio
1391 2381 1664 2463 Pbaenomena
1683 2402 1757 2484 per
1786 2375 1979 2460 Vortices
2005 2401 2080 2462 ex·

540 2484 681 2594 plicari
705 2521 716 2582 ς
757 2489 872 2592 quod
891 2486 942 2567 ab
970 2483 1153 2568 Austore
1175 2487 1312 2568 nostro
1338 2489 1500 2570 abunde
1526 2489 1696 2594 quidem
1717 2485 1759 2568 82
1779 2481 2000 2570 clarissimis
2018 2513 2083 2568 ra·

540 2592 723 2680 tionibus
742 2593 969 2690 evincitur;
999 2613 1048 2676 ut
1065 2592 1230 2676 somniis
1249 2595 1338 2700 plus
1355 2617 1478 2700 aequo
1495 2595 1735 2702 indulgeant
1754 2613 1943 2702 oporteat
1962 2651 1976 2689 ,
2007 2595 2085 2702 qui

541 2699 792 2808 ineptissimo
819 2701 1021 2811 figmento
1048 2699 1337 2802 resarciendo,
1367 2701 1566 2811 novisque
1593 2726 1721 2814 porro
1749 2703 1994 2787 ¹commentis
2014 2728 2085 2787 or·

540 2814 679 2898 nando
696 2811 905 2896 infelicem
923 2835 1089 2920 operam
1106 2809 1316 2897 addicunt.

549 2961 556 2976 ·
598 2919 641 3003 Si
670 2945 843 3029 corpora
871 2920 1131 3005 Planetarum
1153 2921 1195 3003 δι
1216 2925 1487 3006 Cometarum
1516 2923 1623 3007 circa
1644 2919 1781 3007 Solem
1799 2921 2040 3013 deserantur
2058 2951 2082 3006 a

457 3095 462 3104 .
542 3026 785 3140 Vorticibus
805 3066 826 3140 a
863 3049 1029 3138 oportet
1055 3055 1228 3138 corpora
1256 3032 1389 3114 delata
1418 3029 1460 3114 δι
1489 3030 1708 3133 Vorticum
1730 3054 1863 3140 partes
1890 3033 2082 3138 proxime

542 3137 771 3223 ambientes
799 3143 943 3223 eadem
963 3141 1182 3223 velocitate
1206 3141 1436 3248 eademque
1462 3139 1600 3223 cursus
1625 3141 1973 3226 determinatione
1991 3165 2082 3223 mo-

543 3245 653 3336 veri,
681 3247 724 3331 dt
752 3251 925 3333 eandem
953 3247 1101 3332 babere
1127 3247 1367 3332 densitatem
1395 3247 1459 3328 vel
1488 3253 1660 3332 eandem
1691 3248 1788 3334 Vim
1817 3249 1975 3332 inertiae
2001 3275 2083 3354 pro

544 3358 656 3442 mole
684 3361 876 3442 materiae.
941 3356 1112 3440 Constat
1141 3383 1240 3440 vero
1262 3358 1448 3442 Planetas
1475 3355 1516 3440 dt
1537 3357 1756 3455 Cometas‚
1788 3361 1887 3440 dum
1915 3357 2080 3442 versan-

542 3485 612 3552 tur
639 3467 682 3550 in
711 3469 852 3550 iisdem
883 3465 1119 3574 regionibus
1146 3465 1396 3564 Curiorum,
1434 3465 1721 3550 velocitatibus
1741 3467 1860 3550 variis
1886 3467 2084 3574 variaque

545 3573 681 3658 cursus
707 3573 1054 3654 determinatione
1091 3577 1261 3655 moveri.
1323 3573 1557 3656 Necessario
1595 3577 1735 3684 itaque
1770 3574 1983 3684 sequitur,
2031 3593 2081 3658 ut

544 3679 681 3766 Fluidi
710 3675 888 3762 coelestis
916 3697 1048 3786 partes
1075 3679 1175 3772 illc,
1226 3703 1321 3784 quae
1343 3678 1436 3761 sunt
1462 3683 1511 3763 ad
1532 3680 1692 3766 easdem
1720 3676 1925 3766 distantias
1942 3694 1964 3765 a
1982 3680 2083 3772 sole

545 3790 810 3873 revolvantur
838 3789 987 3871 eodem
1025 3789 1284 3894 tempore'in
1313 3788 1449 3896 plagas
1483 3788 1660 3896 diversas
1691 3815 1785 3874 cum
1817 3787 1982 3876 diversis
2007 3811 2083 3874 ve-

545 3895 801 3982 locitatibus:
839 3895 993 3980 etenim
1012 3895 1086 3978 alia
1113 3921 1218 4003 opus
1237 3897 1315 3978 erit
1335 3886 1562 3982 diredlone
1580 3897 1623 3982 dt
1641 3898 1885 3996 velocitate,
1916 3917 1962 3982 ut
1973 3917 2083 3985 tran·

548 4003 622 4092 sire
641 4006 783 4110 pulsnt
803 4005 1004 4102 Planetaer
1036 4006 1130 4093 alia,
1160 4025 1207 4088 ut
1225 4002 1392 4088 transire
1408 4003 1557 4111 possint
1576 4008 1777 4092 Cometae.
1832 4009 1961 4120 Quod
1979 4033 2078 4092 curri

548 4114 740 4222 explicari
777 4134 988 4222 nequeat;
1034 4113 1098 4196 vel
1126 4106 1338 4197 latendum
1365 4113 1477 4213 erit,
1529 4116 1714 4201 universa
1745 4135 1917 4226 corpora
1951 4118 2084 4200 coele-

548 4223 619 4310 slia
639 4249 723 4308 non
743 4223 892 4308 deserti
913 4251 934 4306 a
954 4221 1119 4306 materia
1139 4221 1322 4308 Vorticis
1342 4257 1354 4318 t
1393 4225 1459 4308 vel
1477 4223 1697 4308 dicendum
1718 4225 1820 4321 erit,
1851 4227 2084 4310 eorundem

547 4353 686 4418 motus
713 4334 958 4442 repetendos
977 4327 1056 4414 elle
1076 4353 1160 4414 non
1180 4331 1229 4412 ab
1251 4355 1336 4414 uno
1356 4335 1590 4441 eodemque
1612 4332 1820 4429 Vortice‚
1858 4333 1926 4415 sed
1947 4361 1967 4414 a
1993 4337 2085 4440 plu-

547 4441 661 4634 gbus
684 4443 755 4556 qui
783 4443 834 4525 ab
854 4440 1030 4526 invicem
1058 4437 1201 4526 diversi
1221 4439 1296 4524 sint
1317 4502 1326 4531 .
1355 4439 1552 4549 idemque
1569 4441 1741 4550 spatium
1760 4439 1845 4526 Soli
1864 4441 2087 4546 circumje-

590 4577 657 4632 um
703 4556 907 4636 ervadant.
1705 4570 1709 4579 '
1797 4569 1800 4578 ’
1967 4599 1971 4614 ·

554 4699 558 4708 ·
602 4657 644 4742 Si
666 4579 798 4768 {iuret
817 4659 1012 4748 Vortices
1029 4665 1070 4746 in
1090 4659 1238 4744 eodem
1255 4657 1384 4768 spatio
1402 4660 1606 4744 contineri
1626 4713 1639 4756 ‚
1665 4659 1710 4743 δι
1728 4655 1810 4744 sese
1828 4677 1979 4742 mutuo
2010 4685 2085 4766 pe-

548 4787 740 4860 netrare.
789 4770 1049 4880 motibusque
1067 4767 1230 4853 diverfis
1260 4770 1412 4854 revolvi
1440 4785 1676 4877 ponantura
1717 4769 1911 4878 quoniam
1933 4767 1971 4850 bi
1994 4791 2090 4852 mo·

540 4895 605 4966 tus
639 4879 796 4966 debent
833 4877 912 4964 else
956 4877 1192 4964 conformes
1228 4879 1458 4964 delatorum
1486 4901 1708 4988 corporum
1738 4875 1920 4990 motibus
1946 4935 1960 4977 ,
1985 4881 2084 5068 squi

1259 5038 1264 5045 -
2004 5006 2088 5072 llslt
