4368 5672
516 329 600 414 'too
767 325 1301 418 aranosontarn
1355 283 1762 445 unrunnn‘rs

326 505 383 576 Dr
396 502 525 578 Moru.
1151 531 1417 618 Corollarium.
1464 521 1471 540 ⁸

309 589 508 676 §omasum

576 727 696 818 Hinc
723 751 815 812 area
844 722 1064 834 Ellipseos,
1092 747 1187 832 quae
1216 722 1332 808 radio
1358 722 1409 807 ab
1437 721 1638 810 umbilico
1663 727 1713 810 ad
1742 749 1892 836 eorpus
1915 729 2076 816 'mobile

521 839 648 927 datto
684 833 931 922 describitur
960 890 974 932 ,
1015 857 1101 916 non
1129 831 1268 938 prodit
1296 856 1350 916 ex
1376 835 1476 918 dato
1504 853 1727 940 tempore,
1769 861 1842 943 per
1870 843 2076 949 aequatio·

521 974 621 1040 nem
646 945 832 1038 finitamr
872 941 915 1026 dc
944 959 1162 1050 propterea
1189 965 1263 1047 per
1289 940 1604 1050 descriptionem
1633 941 1866 1030 Curvarum
1886 947 2074 1033 Geome-

481 1137 491 1148 .
523 1059 629 1142 trice
660 1051 918 1157 rationalium
945 1048 1211 1136 determinari
1238 1050 1397 1159 nequit.
1463 1049 1623 1136 Curvae
1649 1049 1922 1139 Geometrice
1947 1060 2075 1141 ratio·

523 1166 635 1252 nales
671 1191 692 1246 a
723 1163 832 1271 pello
871 1184 1045 1268 quarum
1074 1155 1225 1267 punsia
1254 1165 1390 1242 omnia
1417 1182 1493 1266 per
1522 1159 1800 1270 longitudines
1826 1167 2074 1274 aequationi·

523 1273 603 1359 bus
628 1190 837 1362 desumus.
866 1265 1013 1365 idest,
1044 1293 1117 1375 per
1144 1265 1453 1376 longitudinum
1481 1269 1663 1352 rationes
1681 1271 1969 1377 complicatas,
2000 1277 2073 1358 de·

524 1379 736 1468 terminari
763 1375 949 1487 pulsuum
979 1375 1233 1482 caeterasque
1259 1383 1277 1481 (
1303 1395 1349 1460 ut
1369 1375 1576 1482 spitales,
1604 1376 1920 1488 Quadratrices,
1956 1383 2073 1468 Tro·

525 1491 730 1594 choides)
769 1484 1036 1571 Geometrice
1066 1484 1334 1568 irrationales.
1400 1483 1505 1567 Nam
1534 1487 1811 1596 longitudines
1840 1513 1934 1599 quae
1973 1491 2072 1574 sunt

526 1601 594 1684 vel
620 1621 708 1682 non
733 1593 827 1680 sunt
856 1613 902 1678 ut
931 1618 1126 1678 numerus
1154 1594 1204 1676 ad
1232 1615 1452 1677 numerum
1482 1595 1864 1702 (quemadmodum
1891 1599 1933 1683 in
1954 1601 2074 1684 deci-

525 1732 598 1792 mo
627 1703 980 1804 Elementorum)
1017 1700 1110 1787 sunt
1136 1700 1413 1786 Arithmetice
1448 1703 1665 1786 rationales
1692 1705 1758 1786 vel
1805 1706 2072 1792 irrationales.

526 1815 680 1901 Aream
708 1812 834 1921 igitur
864 1809 1063 1934 Ellipseos
1088 1809 1266 1916 tempori
1288 1809 1638 1916 proportionalem
1657 1809 1850 1898 abscindo
1870 1835 1943 1924 pet
1964 1816 2075 1904 Cur·

527 1945 621 2008 vam
647 1917 918 2007 Geometrice
942 1919 1222 2008 orationalem
1247 1936 1294 2002 ut
1321 1914 1519 2026 sequitur.

694 2121 1117 2212 PROPOSITIO
1153 2124 1315 2215 XXXI.
1353 2125 1753 2216 PROBLEMA
1781 2135 1930 2222 XXlls.

519 2281 735 2422 [Corporis
764 2284 814 2384 in
845 2283 955 2385 data
988 2282 1268 2416 majesterio
1307 2283 1529 2428 Elliptica
1564 2291 1672 2390 moti
1704 2291 1908 2418 invenire
1928 2300 2074 2406 locum

599 2418 669 2519 ad
693 2445 863 2560 tempus
900 2421 1183 2557 affignatum.
1292 2458 1298 2477 ··

587 2659 843 2769 EllipseosA
857 2663 951 2746 PB
968 2663 1015 2750 srt
1034 2667 1083 2748 A
1096 2685 1238 2754 vertex
1259 2667 1510 2778 principalis,
1532 2667 1566 2750 S
1582 2669 1828 2773 umbilicus,
1851 2679 1893 2764 dr
1915 2682 1953 2763 O
1972 2711 2074 2772 cen·

534 2792 671 2868 trum,
701 2771 832 2880 satque
855 2774 898 2855 P
924 2773 1109 2881 corporis
1138 2775 1252 2858 locus
1281 2775 1565 2862 inveniendus.
1621 2779 1785 2868 Produc
1815 2788 1974 2886 OAad
2005 2799 2072 2894 G,

533 2899 582 2966 ut
601 2878 647 2964 stt
670 2880 756 2964 OG
777 2884 827 2966 ad
850 2882 946 2966 ΟΛ
961 2903 1006 2968 ut
1028 2881 1121 3014 031
1135 2887 1186 2970 ad
1205 2883 1291 3022 QS.
1324 2885 1445 2998 Erige
1465 2891 1805 2996 perpendiculum
1830 2897 1949 2999 GH,
1971 2927 2076 2990 cen·

540 4655 692 4828 ungue
713 4636 806 4721 0&
825 4639 1042 4729 intervallo
1059 4635 1145 4728 O'G
1158 4647 1344 4778 ‘describe
1355 4653 1554 4742 circulum
1565 4657 1610 4740 E
1618 4659 1705 4744 FG
1713 4719 1727 4761 ,
1758 4661 1802 4750 dt
1818 4664 1939 4778 super
1955 4695 2086 4784 regu-

539 4744 579 4830 la
648 4743 1386 4865 ssceufundo,progredraturRota
1406 4765 1446 4847 G
1454 4764 1499 4848 E
1506 4767 1808 4858 Frevolvendo
1826 4777 1934 4865 esrca
1954 4808 2088 4869 axem

541 4851 656 4948 suum
679 4914 694 4963 ,
733 4853 951 4948 &interea
968 4861 1123 4976 punsio
1148 4863 1224 4990 suo
1245 4870 1295 4960 A
1315 4870 1589 4996 describendo
1611 4876 1897 4976 Trochoidetn
1915 4890 1965 4973 A
1979 4887 2021 4972 L
2045 4889 2088 4981 Ι.

1973 4997 2091 5112 Quo
