4372 5678
472 399 474 404 Ι
561 215 639 398 ¹3rr
858 273 1809 368 ruinosos-utnnrarnnnrrs

358 445 403 502 n·
429 444 543 506 mmm
616 411 741 504 Corus.
770 443 808 500 2.
839 415 1026 526 Corpora
1042 413 1219 500 universa
1235 437 1321 524 qua
1349 414 1455 497 circa
1472 411 1639 498 Terram
1671 413 1781 513 sunt,
1809 409 1945 525 gratia
1960 412 2060 501 sunt
2168 419 2169 454 ¹

338 525 598 615 smum⁸·in
628 534 822 636 Terram3
847 537 888 612 &
919 526 1096 640 pondera
1123 530 1322 625 omnium,
1352 553 1440 638 quae
1459 529 1658 638 aqualiter
1686 531 1710 608 ir
1738 551 1881 612 centro
1910 525 2058 616 Terrae
2168 577 2169 600 r

557 642 723 745 distant,
750 644 839 727 sunt
868 665 911 726 ut
938 644 1177 752 quantitates
1208 642 1447 725 materiatio
1480 640 1633 726 iisdem.
1691 638 2059 751 Hacenquaritaa
2168 667 2169 716 r

556 763 738 844 omnium
766 760 808 840 in
837 759 980 869 quibus
1012 759 1281 864 experimenta
1297 753 1495 839 instituere
1521 756 1635 845 licet.
1666 761 1707 838 δε
1725 743 1947 862 ‘propterea
1979 783 2057 866 per

557 877 765 986 Regin.
790 868 841 952 de
859 867 1044 953 universis
1074 865 1303 952 affirmanda
1330 867 1396 949 est.
1454 869 1499 952 Si
1525 869 1662 954 AEther
1687 891 1756 950 aut
1783 871 2058 978 corporaliud
2168 945 2169 950 a

556 987 826 1098 quodcunque
843 983 906 1066 vel
923 989 1111 1094 grauitate
1133 983 1299 1064 omnino
1324 979 1620 1078 destitueretur,
1651 982 1713 1064 ves
1732 1007 1807 1091 pro
1828 985 2054 1092 quantitate
2168 1015 2169 1084 ς

559 1102 730 1184 materia
748 1103 824 1180 suae
851 1098 978 1179 minus
998 1097 1231 1206 gravitaret:
1259 1095 1449 1206 quoniam
1466 1095 1511 1176 id
1537 1093 1623 1208 (ex
1656 1117 1787 1178 mente
1821 1095 2052 1207 Aristotelis,
2168 1101 2169 1122 ¹

558 1211 710 1322 Cartesu'
737 1219 777 1294 dr
806 1211 1012 1320 aliorum)
1045 1237 1125 1291 non
1155 1203 1294 1290 differt
1319 1207 1369 1288 ab
1397 1206 1486 1290 aliis
1515 1209 1752 1318 corporibus
1784 1207 1854 1292 nist
1870 1207 2057 1296 informa

559 1328 747 1418 materia,
776 1324 902 1435 posset
931 1324 1037 1406 idem
1058 1321 1405 1431 permutationem
1428 1321 1568 1405 forma
1588 1322 1786 1434 gradatim
1804 1319 2058 1410 transmutari
2168 1361 2169 1372 Ν

560 1439 603 1524 in
620 1465 764 1549 corpus
794 1435 963 1546 ejusdem
981 1437 1226 1520 conditionis
1235 1436 1385 1516 cumiis
1404 1460 1517 1543 quae,
1547 1460 1620 1544 pto
1635 1436 1857 1546 quantitate
1868 1441 2059 1534 materiae,

558 1579 680 1664 quam
697 1553 868 1636 maxime
884 1551 1102 1660 gravitant‚
1134 1561 1173 1638 dr
1201 1545 1367 1630 viciffim
1396 1573 1567 1655 corpora
1595 1549 1765 1632 maxime
1785 1551 1940 1660 gravia,
1973 1549 2059 1636 for·
2168 1575 2169 1584 ‘

563 1665 790 1750 mamillius
814 1664 1009 1774 gradatim
1030 1651 1255 1754 induendo,
1284 1658 1439 1768 possent
1468 1663 1699 1772 gravitatem
1727 1660 1834 1746 suant
1856 1665 2060 1774 gradatim
2168 1751 2169 1770 p

560 1783 755 1861 amittere.
817 1785 876 1860 Ac
916 1775 1086 1885 proinde
1122 1774 1303 1885 pondera
1339 1774 1555 1882 penderent
1589 1776 1613 1860 ai
1650 1773 1792 1860 formis
1813 1803 2059 1886 corporum,
2168 1795 2169 1800 '

483 1909 489 1922 '
561 1886 800 2001 possentque
835 1916 924 1970 cum
971 1885 1110 1974 formis
1149 1887 1312 1984 variati,
1341 1908 1482 1974 contra
1518 1915 1639 2000 quant
1673 1889 1888 2000 probatum
1923 1891 1981 1978 est
2016 1898 2059 1982 in

568 2003 794 2090 Corollario
823 2000 1029 2114 superiore.

622 2197 738 2286 Corus.
766 2227 799 2308 3.
833 2201 967 2308 Spatia
982 2197 1115 2280 omnia
1133 2225 1212 2280 non
1233 2198 1322 2281 sunt
1341 2197 1543 2312 :aqualiter
1564 2183 1693 2312 piena.
1751 2201 1861 2287 Nam
1886 2201 1913 2288 fi
1931 2201 2059 2314 spatia
2168 2201 2169 2224 ¹

435 2371 443 2382 -
559 2317 697 2399 omnia
720 2313 920 2425 aequaliter
947 2313 1063 2422 plena
1093 2305 1236 2405 essent,
1267 2317 1434 2425 gravitas
1463 2312 1646 2424 specifica
1675 2315 1795 2398 fluidi
1825 2344 1910 2431 quo
1943 2321 2056 2432 regio
2168 2327 2169 2400 i

561 2431 659 2514 aeris
688 2429 934 2536 impleretur,
964 2423 1221 2508 obsummam
1250 2427 1481 2510 denfitatem
1501 2431 1698 2519 materia,
1731 2430 2057 2543 discederetgra.
2168 2499 2169 2502 a

564 2541 680 2627 vitati
708 2537 902 2652 specifica
929 2539 1080 2652 argenti
1100 2541 1202 2636 vivi,
1232 2540 1296 2624 vel
1325 2542 1432 2638 auri,
1463 2543 1527 2625 vel
1556 2544 1738 2653 corporis
1764 2541 2057 2658 asteriuscujus·
2168 2579 2169 2584 ¹

564 2681 721 2767 cunque
750 2651 981 2751 denstffimi5
1012 2660 1052 2734 dc
1082 2675 1289 2761 propterea
1325 2681 1397 2736 nec
1436 2681 1572 2740 aurum
1607 2683 1733 2766 neque
1775 2652 1886 2742 aliud
1933 2665 2058 2772 quod·
2168 2687 2169 2762 ζ

566 2795 723 2879 cunque
747 2793 893 2877 corpus
926 2773 967 2848 in
999 2792 1085 2850 aere
1122 2765 1356 2868 descendere
1386 2766 1523 2875 posset.
1580 2769 1694 2852 Nam
1717 2795 1887 2880 corpora
1907 2772 1949 2854 io
1970 2775 2058 2858 flui-

565 2882 662 2976 dis,
692 2878 761 2962 nisi
795 2877 980 2989 specifice
1016 2883 1196 2990 graviora
1231 2878 1333 2975 sunt,
1367 2883 1528 2963 minime
1568 2881 1827 2966 descendunt·
1879 2883 2055 2990 Quodsi

476 3019 481 3027 ’
567 2994 767 3112 quantitas
796 2995 966 3078 materia
1006 2999 1044 3074 in
1074 2990 1203 3100 spatio
1231 2994 1327 3075 dato
1358 3018 1424 3100 pet
1456 2993 1752 3078 rarefastionem
1780 3023 2056 3116 quamcunque

569 3109 738 3192 diminui
759 3103 903 3218 possit,
934 3105 1079 3220 quidni
1107 3103 1276 3189 diminui
1294 3103 1416 3216 possit
1434 3107 1475 3190 in
1493 3109 1714 3198 infinitum?
2168 3109 2169 3116 ‘

628 3299 743 3392 Corus.
771 3330 808 3410 4.
835 3303 882 3390 Si
906 3329 1047 3388 omnes
1071 3306 1249 3388 omnium
1270 3329 1482 3416 corporum
1502 3304 1709 3416 particula
1725 3304 1862 3388 solidae
1880 3305 2061 3422 fintejus·

570 3417 662 3502 dem
691 3417 912 3519 densatis,
940 3443 1067 3528 neque
1094 3421 1236 3530 absque
1262 3425 1371 3523 potis
1398 3417 1565 3502 rarefieri
1587 3419 1760 3530 possint,
1794 3422 1978 3506 Vacuum
1995 3427 2063 3506 da·

570 3555 646 3614 tur.
697 3530 891 3722 .Es;¹.sde¹¹¹
917 3529 1118 3616 densitatis
1146 3534 1222 3616 eise
1247 3533 1366 3632 dico,
1403 3557 1569 3644 quarum
1597 3537 1697 3620 vires
1725 3535 1876 3618 inertiae
1901 3537 1991 3636 sunt
2017 3561 2062 3624 ut

573 3665 751 3756 magnrtu
780 3667 874 3726 ines.

631 3836 744 3940 Corus.
775 3865 810 3949 5.
844 3840 918 3928 Vis
939 3840 1142 3948 grauitatis
1173 3837 1311 3926 diversi
1329 3839 1383 3924 est
1401 3839 1591 3951 generisi
1613 3845 1656 3929 vi
1682 3847 1917 3958 magnetica.
1951 3845 2065 3932 Nam
2168 3877 2169 3900 ¹

573 3956 756 4038 attrasiio
784 3957 1003 4068 magnetica
1032 3983 1111 4036 non
1142 3951 1259 4038 estut
1290 3957 1451 4038 materia
1480 3955 1652 4038 attrasia.
1715 3961 1783 4042 Co
1836 3958 1901 4044 oia
1927 3959 2066 4072 aliqua

576 4072 700 4178 magis
717 4069 945 4161 trahuntur,
964 4067 1039 4150 alia
1058 4069 1205 4159 minus,
1239 4069 1409 4178 plurima
1427 4095 1505 4150 non
1524 4069 1744 4155 trahuntur.
1787 3989 1857 4156 tp*
1875 4081 1930 4156 vis
1950 4101 2065 4186 mag·

574 4184 703 4264 netica
731 4183 770 4262 in
798 4209 876 4264 uno
903 4189 942 4264 dr
971 4183 1308 4288 eodemaorpora
1337 4183 1491 4264 intendi
1510 4179 1635 4292 potest
1659 4191 1698 4266 δε
1725 4188 1903 4276 remitti.
1927 4183 2070 4300 esique

572 4301 853 4404 nonnunquam
884 4295 1004 4403 longe
1030 4301 1154 4399 major
1179 4321 1252 4400 pro
1281 4295 1502 4404 quantitate
1531 4301 1700 4378 nrateriae
1737 4327 1856 4410 quant
1889 4299 1947 4380 vis
1977 4329 2071 4412 gra-

571 4411 729 4506 vitatis,
758 4413 795 4490 ὃ(
817 4411 857 4489 in
880 4402 1023 4489 recessu
1048 4409 1072 4488 d
1093 4409 1283 4516 Magnete
1300 4404 1486 4488 decrescit
1517 4408 1557 4489 in
1586 4409 1739 4492 ratione
1756 4411 1954 4496 distantiae
1988 4443 2072 4498 non

499 4613 504 4622 ,
572 4521 798 4628 duplicata5
825 4519 888 4602 sed
910 4519 991 4602 sete
1007 4521 1224 4630 triplicata,
1255 4542 1448 4633 quantum
1462 4549 1514 4608 ex
1540 4517 1666 4606 cratis
1687 4527 1918 4636 quibusdam
1937 4525 2078 4613 obstr·

581 4634 1269 4745 rationibusaoimadrerterepotui.
1663 4645 1668 4656 '
1705 4676 1710 4687 ¹

1867 4753 2076 4842 PRO·
