4438 5676
416 317 428 346 ⁸
525 325 579 436 420'
815 321 1312 414 PHILOSOPHIAE
1356 319 1769 416 NATURALIS

319 497 374 570 nr
388 501 504 568 Moru
538 582 543 591 ,
578 497 711 586 Ροιιο
738 501 1010 608 praecedentis
1038 497 1328 611 propofitionis
1345 496 1387 582 &
1405 497 1720 586 corollariorum
1740 498 1828 610 ejus
1845 495 2075 600 benefictoj

321 581 740 722 9⁰⁸¹⁰l⁰leolligitur
769 611 893 694 etiarn
912 609 1205 721 proportionis
1224 609 1466 717 centripetae
1484 611 1534 692 ad
1554 609 1638 693 vim
1657 609 1886 718 quamlibet
1906 633 2074 712 notam,

314 717 325 732 ’
532 723 665 832 qualis
691 717 750 804 est
777 745 824 804 ee
851 718 1086 805 Gravitatis.
1142 713 1248 803 Nam
1276 715 1305 802 st
1323 742 1473 826 corpus
1491 717 1534 802 in
1552 717 1711 802 circulo
1730 718 1877 805 Terrae
1896 749 2078 810 concen-

419 907 427 942 ,
529 833 637 920 rrico
656 831 696 917 vi
714 829 923 938 gravitatis
944 829 1024 914 suae
1043 829 1303 924 revolvatur,
1332 827 1420 912 ltaec
1439 827 1614 936 gravitas
1633 825 1691 912 eli
1708 826 1828 937 ipfius
1845 831 1907 914 vis
1925 835 2078 918 centri-

489 967 496 980 ·
527 960 635 1056 peta.
691 941 827 1026 Datur
846 961 1010 1036 autem,
1033 964 1087 1023 ex
1105 935 1534 1050 delcenlugrevium‚
1563 934 1606 1020 &
1626 955 1787 1048 tempus
1806 941 2078 1030 revolutionis

529 1051 654 1140 unius
673 1110 686 1149 ,
719 1047 761 1131 dr
792 1075 909 1134 arcus
929 1050 1027 1132 dato
1048 1049 1195 1156 quovis
1218 1065 1406 1154 tempore
1425 1043 1675 1155 descriptus,
1702 1072 1776 1154 per
1795 1048 1915 1157 hujus
1933 1049 2080 1138 Corol.

529 1187 588 1248 nt.
624 1157 679 1245 Et
697 1155 931 1263 hujusmodi
951 1154 1297 1264 propositionibus
1315 1153 1547 1264 Hugenius‚
1577 1156 1620 1239 in
1642 1155 1795 1242 eximio
1812 1157 1887 1242 suo
1907 1157 2077 1246 Trade·

462 1293 466 1302 ·
531 1292 581 1355 tu
604 1269 650 1350 de
664 1265 870 1376 Horologio
896 1265 1167 1374 osculando,
1198 1267 1282 1349 vim
1301 1263 1509 1373 gravitatis
1539 1289 1636 1350 cum
1665 1266 1966 1354 revolventium
1984 1271 2081 1354 viri·

530 1378 609 1465 bus
626 1372 869 1486 centrifugis
888 1374 1078 1460 contulit.

587 1481 872 1573 Demonstrati
894 1485 1016 1570 etiam
1036 1481 1198 1592 poliunt
1219 1481 1495 1589 praecedentia
1514 1482 1556 1566 io
1576 1480 1686 1568 lrunc
1706 1487 1890 1572 modum.
1937 1485 1982 1572 ln
2002 1489 2081 1573 cir·

533 1595 631 1682 culo
660 1592 808 1705 quovis
842 1592 1017 1678 describi
1046 1592 1297 1700 intelligatur
1318 1589 1580 1700 Polygonum
1599 1593 1772 1680 laterum
1792 1614 2082 1706 quotcunque.

533 1705 591 1792 Et
610 1702 639 1788 fi
658 1727 808 1810 corpus
830 1760 844 1800 ,
882 1701 924 1786 in
944 1701 1141 1811 polygoni
1163 1699 1355 1785 lateribus
1374 1703 1468 1783 data
1487 1724 1583 1783 cunr
1603 1702 1822 1785 velocitate
1841 1709 2079 1804 movendo,

535 1813 590 1898 ud
616 1813 704 1921 ejus
735 1812 907 1922 angulos
937 1807 1115 1920 stngulos
1143 1808 1341 1894 acirculo
1360 1805 1622 1908 reflediatute
1654 1809 1713 1895 vis
1732 1836 1816 1920 qua
1835 1809 2000 1924 singulis
2020 1841 2084 1900 re·

535 1919 1008 2032 flexionibusimpingit
1036 1919 1080 2004 in
1108 1918 1311 2002 circulum
1339 1917 1428 2002 urit·
1445 1937 1491 2000 ut
1523 1920 1611 2024 ejus
1636 1921 1860 2004 velocitas:
1888 1923 2082 2032 adeoque

535 2031 692 2118 summe
721 2029 871 2112 virium
897 2031 942 2112 in
970 2031 1070 2112 dato
1098 2049 1285 2134 ternpore
1313 2028 1392 2110 erit
1420 2045 1468 2110 ut
1496 2026 1692 2112 velocitas
1718 2029 1788 2112 illa
1816 2027 1858 2111 &
1885 2055 2084 2118 numerus

537 2135 814 2226 reflexionum
841 2133 1095 2244 conjunctim
1117 2165 1125 2218 :
1154 2137 1234 2220 lroc
1256 2132 1314 2219 est
1339 2132 1679 2325 (fiqolygonum
1698 2138 1821 2222 detur
1843 2134 2006 2246 specie)
2036 2165 2083 2226 nt

536 2249 609 2336 lon
640 2248 758 2331 itudo
777 2248 876 2330 dato
893 2248 965 2330 illo
985 2265 1172 2353 tempore
1191 2242 1388 2352 descripta
1476 2245 1697 2352 longitudo
1715 2248 1860 2334 eadent
1884 2249 2083 2357 applicate

537 2275 791 2443 criterium
819 2355 961 2440 circuli
982 2391 994 2450 ς
1021 2355 1064 2436 id
1092 2351 1173 2451 est,
1205 2373 1251 2436 ut
1279 2353 1524 2462 quadratum
1544 2351 1814 2462 longitudinis
1831 2355 1939 2448 illius
1958 2360 2083 2466 appli-

540 2465 679 2548 catum
698 2466 750 2544 ad
768 2461 967 2546 Rodium:
987 2465 1184 2568 'adeoque
1204 2521 1214 2554 ,
1245 2459 1272 2543 fi
1292 2461 1545 2570 polygonum
1564 2461 1759 2547 lateribus
1778 2461 1938 2550 infinite
1959 2467 2081 2552 dimi·

541 2573 655 2660 nutis
680 2571 886 2657 coincidet
904 2594 1000 2654 cum
1020 2568 1202 2664 circulo,
1221 2589 1269 2652 ut
1267 2571 1535 2761 1quadratum
1554 2595 1670 2656 arcus
1690 2574 1789 2656 dato
1806 2591 1994 2683 tempore
2012 2580 2082 2662 de·
2126 2595 2133 2604 '

540 2681 683 2791 scripti
700 2679 945 2788 applicatum
973 2683 1023 2764 ad
1044 2679 1213 2763 radium.
1318 2701 1377 2760 aec
1396 2673 1454 2760 est
1474 2679 1533 2760 vis
1553 2679 1807 2792 centrifuga,
1835 2707 1916 2790 qua
1932 2709 2085 2793 corpur

542 2807 665 2901 urget
695 2789 918 2873 circulum:
948 2784 990 2870 δι
1019 2787 1113 2870 huic
1143 2788 1310 2894 aequalis
1340 2781 1398 2870 est
1432 2783 1492 2869 vis
1519 2789 1758 2890 contraria,
1798 2815 1880 2901 qua
1905 2793 2085 2880 circulus

544 2897 749 2985 continuo
767 2895 928 3008 repellit
946 2919 1096 3004 corpus
1115 2915 1307 2980 centrum
1328 2892 1478 2980 versus.

795 3099 1219 3193 PROPOSlTlO
1279 3099 1334 3190 V.
1382 3099 1772 3192 PROBLEMA
1824 3105 1854 3192 1.

545 3267 682 3388 Data
717 3282 1047 3419 quibuscunque
1083 3282 1131 3383 in
1164 3281 1264 3382 locis
1285 3283 1557 3412 uelocitate,
1598 3325 1692 3424 qua
1713 3320 1866 3433 corpus
1885 3291 2085 3428 figuram

540 3471 564 3554 g
614 3419 774 3522 datam
810 3421 982 3524 viribus
1014 3419 1082 3520 ad
1106 3459 1333 3522 commune
1368 3423 1558 3562 aliquod
1582 3453 1783 3532 centrum
1812 3431 2088 3536 tendentibus

615 3557 851 3681 describit,
877 3583 1079 3657 centrum
1102 3558 1222 3658 illud
1234 3559 1454 3663 invenire.

600 3757 1064 3952 Figuratndescriptam
1090 3786 1258 3879 tangant
1278 3769 1407 3858 retlae'
1435 3791 1518 3860 tres
1541 3779 1596 3906 ,P
1613 3777 1679 3878 T,
1708 3776 1877 3898 TW,
1904 3783 2017 3884 VR,
2044 3790 2087 3874 in

547 3891 635 3994 pun
677 3895 709 3952 rs
738 3875 912 3957 tondem
941 3876 1008 4000 R,
1028 3873 1104 3991 ἐζ,
1127 3879 1195 3970 R.
1224 3903 1521 3971 concurrentes
1539 3911 1582 3972 tn
1600 3889 1694 3974 T&
1712 3889 1760 3976 V.
1789 3896 1856 3979 Ad
1873 3914 2089 4007 tangentes

549 3995 760 4086 eriguntur
779 3985 1069 4090 perpendicula
1089 3987 1202 4079 PA.
1229 3987 1271 4102 Q
1291 3991 1350 4081 B.
1378 3992 1419 4075 R
1438 3989 1495 4093 C,
1524 3997 1733 4084 velocitati
1744 4000 1819 4086 bus
1842 4005 2026 4132 corporis
2044 4007 2090 4092 in

548 4083 710 4212 puntiis
728 4089 805 4218 illis
824 4093 889 4190 P,
974 4093 1102 4193 ‚R,a
1153 4095 1272 4182 uibus
1290 4100 1507 4228 eriguntur
1521 4107 2090 4234 reciproceproportronrlia;
2199 4145 2200 4152 ¹

549 4197 595 4280 rd
616 4193 698 4294 est,
727 4218 782 4282 tta
799 4220 847 4283 ut
874 4199 948 4284 fit·
990 4203 1038 4284 A
1050 4207 1101 4289 ad
1120 4123 1211 4400 ΞΒ
1232 4265 1246 4305 ,
1284 4227 1333 4292 ιιι
1352 4211 1547 4298 velocitas
1565 4241 1609 4299 tn
1629 4215 1742 4342 Qud
1761 4223 2026 4308 velocitatem
2046 4225 2093 4309 in

550 4303 596 4390 P
614 4360 629 4403 ,
666 4303 711 4389 dt
728 4304 771 4434 9
788 4305 830 4388 Β
847 4309 897 4392 ad
925 4307 965 4388 R
982 4311 1020 4393 C
1036 4333 1084 4438 ut
1113 4339 1163 4398 ve
1179 4315 1308 4400 oritas
1333 4317 1378 4402 in
1407 4321 1448 4404 R
1464 4323 1516 4406 ad
1540 4323 1802 4414 velocitatem
1825 4339 1867 4415 in
1884 4329 1946 4447 Q.
2011 4331 2094 4419 Per

551 4435 625 4522 per
653 4417 942 4502 endrculornm
960 4435 1159 4508 terminos
1180 4427 1232 4518 A,
1244 4423 1411 4524 B,Ced
1429 4455 1479 4514 nn
1511 4433 1600 4518 ulot
1616 4433 2095 4536 restosducanturAD.

552 4437 728 4646 Did,
757 4524 858 4610 EC
869 4549 1164 4618 concurrentes
1183 4533 1418 4622 inD&E
1428 4567 1437 4624 ι
1504 4539 1631 4630 tuiiae
1650 4544 1771 4646 TD,
1799 4547 1846 4638 V
1847 4547 1892 4634 E
1914 4575 2096 4658 concurff
2199 4583 2200 4624 ι

554 4648 644 4714 rent
668 4655 711 4718 ru
730 4654 877 4722 centro
898 4634 1068 4748 quaefito
1087 4639 1127 4726 S.

1985 4991 2096 5080 Nam
