4432 5680
545 405 601 488 ².0
762 369 1318 484 .i².ii1L.osou,H1AE·
1342 371 1745 476 NATURALIS

339 553 570 654 duofflufi
586 557 629 666 ih
659 590 792 648 vacuo
821 559 1112 652 cecidiisetde
1139 563 1237 646 loco
1264 561 1309 646 T.
1366 559 1611 671 Exponatur
1628 563 1756 674 igitur
1772 561 1859 652 hae'c
1876 565 2079 652 veiocitae

335 699 343 742 ι,
386 655 477 712 uriz

523 701 612 786 -per
629 674 825 759 chordam
849 699 966 758 arcus
983 675 1022 756 T
1036 671 1088 757 A.
1146 671 1252 758 Nam
1271 671 1534 756 velocitatem
1554 671 1791 760 Penduiiin
1808 671 1962 784 pundo
1981 673 2074 758 inii·
2202 679 2203 684 '

537 809 609 868 mo
637 779 718 865 effe
746 799 794 862 ut
821 780 1016 868 chordam
1044 791 1161 864 arcus
1188 805 1314 890 quem
1352 781 1541 865 cadendo
1568 778 1805 889 descripfir,
1842 780 2077 893 Propoiitio

538 882 597 976 est
621 889 861 975 Geometris
882 885 1097 974 notiffima.
1156 888 1247 971 Post
1273 885 1547 988 reflexionem
1566 891 1776 997 perveniat
1794 915 1944 1000 corpus
1964 891 2010 971 A
2022 891 2078 974 ed

538 1003 678 1086 locum
698 1029 742 1094 s,
773 996 816 1081 dr
835 1022 984 1105 corpus
1005 996 1046 1077 B
1064 999 1115 1080 ad
1134 997 1273 1081 locum
1293 995 1354 1080 i·
1384 995 1577 1081 Tollatnr
1595 1021 1746 1101 corpus
1766 997 1807 1078 B
1833 999 1875 1082 δι
1895 999 2075 1084 iuvenia-

434 1124 439 1135 '
539 1127 608 1191 tur
627 1109 742 1190 locus
760 1133 815 1200 v;
854 1132 875 1188 a
896 1131 982 1212 quo
1001 1103 1197 1206 hcorpus
1217 1107 1262 1190 A
1275 1103 1518 1190 demittatur
1546 1105 1584 1185 u
1605 1101 1694 1212 post
1712 1129 1837 1192 unam
1857 1106 2077 1194 oscillatio-

539 1239 636 1300 nem
657 1217 795 1297 redeat
814 1215 864 1298 ad
884 1214 1027 1298 locum
1043 1239 1088 1305 r,
1116 1211 1163 1298 iit
1184 1229 1232 1300 st
1251 1236 1341 1318 pam
1360 1234 1507 1322 quarta
1527 1209 1645 1320 ipfius
1662 1239 1731 1294 rv
1750 1209 1820 1302 sira
1840 1215 1885 1300 in
1906 1215 2075 1314 medio,

538 1322 597 1408 ita
615 1322 807 1406 videlicet
830 1340 877 1404 ut
897 1347 952 1402 rr
972 1320 1014 1404 ἃ
1042 1337 1095 1402 tu
1115 1342 1332 1428 aequeutur
1350 1357 1366 1416 ς,
1400 1317 1534 1427 &per
1562 1319 1758 1404 chordam
1778 1349 1895 1408 arcus
1914 1325 1989 1405 rA
2009 1349 2078 1410 ex-

536 1440 719 1558 ponatur
736 1429 931 1514 velocitas
950 1453 1072 1536 quam
1096 1453 1246 1536 corpus
1266 1429 1313 1509 A
1324 1423 1512 1534 proxime
1539 1424 1628 1536 post
1646 1425 1913 1520 reflexionem
1933 1429 2077 1516 habuit

539 1567 583 1624 ιιι
602 1541 702 1623 loco
721 1545 799 1626 tA.
844 1538 987 1622 Namt
1007 1539 1085 1621 erit
1105 1537 1219 1620 locus
1236 1537 1306 1621 ilie
1326 1561 1445 1620 verus
1464 1533 1507 1618 δι
1526 1533 1733 1620 εοιιιᾶιιε
1747 1537 1822 1633 ,ad
1874 1565 1971 1623 uem¹
1985 1565 2077 1624 cor

539 1673 616 1757 pus
639 1649 683 1727 A
695 1705 714 1744 ,,
739 1644 894 1734 sublata
921 1643 1023 1729 aeris
1049 1641 1299 1741 resistentia,
1337 1641 1556 1730 ascendere
1583 1643 1793 1736 debuiffer.
1841 1565 1976 1758 ={inihi
1994 1673 2080 1732 me·

541 1754 674 1840 rhodo
690 1755 958 1863 corrigendus
977 1753 1055 1839 erit
1074 1755 1188 1841 iocus
1207 1751 1251 1844 k.
1280 1755 1333 1836 ad
1350 1777 1477 1862 quem
1496 1777 1645 1862 corpus
1665 1755 1704 1834 B
1727 1751 1935 1853 ascendit,
1958 1755 2003 1840 ’δι
2015 1757 2080 1840 in-

538 1865 768 1948 veniendur
788 1865 903 1946 iocus
930 1863 971 1960 l,
998 1865 1048 1948 ad
1069 1887 1194 1972 quem
1213 1886 1363 1969 corpus
1388 1861 1489 1944 illud
1508 1861 1727 1945 ascendere
1747 1860 2080 1950 debuiffetinva-

542 1997 637 2060 cuo.
692 1969 793 2056 Hoc
821 1967 938 2078 pauo
966 1969 1143 2078 experiri
1170 1970 1266 2055 iicet
1295 1969 1432 2058 omnia
1460 1966 1632 2076 perinde
1650 1996 1696 2053 ac
1716 1967 1746 2054 sr
1763 1971 1806 2054 in
1825 1997 1956 2058 vacuo
1978 1999 2078 2059 con·

535 2079 672 2172 ‘stituti
703 2075 885 2168 enimus.
944 2077 1141 2162 Tandem
1160 2080 1401 2166 ducendum
1420 2079 1498 2160 erit
1516 2102 1667 2184 corpus
1686 2079 1731 2159 A
1743 2079 1785 2163 in
1802 2079 1999 2168 chordam
2017 2109 2084 2166 ar·

542 2213 623 2276 cus
636 2189 725 2272 TA
739 2185 861 2296 (quae
878 2185 1141 2271 velocitatem
1161 2185 1248 2294 ejus
1265 2184 1463 2291 exhibet)
1490 2205 1536 2268 ut
1556 2183 1752 2269 habeatur
1773 2209 1910 2272 motus
1927 2197 2014 2295 ejus
2034 2191 2084 2276 in

541 2301 639 2382 loco
658 2297 703 2377 A
715 2295 902 2403 proxime
920 2315 1015 2381 ante
1042 2292 1314 2379 reflexionem
1337 2329 1349 2390 3
1386 2293 1536 2378 deinde
1554 2295 1605 2377 in
1625 2293 1821 2378 chordam
1839 2321 1956 2381 arcus
1976 2315 1994 2378 t
2014 2303 2081 2398 A,

540 2424 590 2490 ut
608 2403 804 2486 habeatur
822 2429 959 2486 motus
979 2403 1065 2510 ejus
1084 2406 1127 2486 in
1148 2407 1243 2488 ioco
1263 2403 1309 2482 A
1321 2402 1507 2509 proxime
1529 2399 1616 2508 post
1634 2398 1916 2489 reflexionem.
1954 2403 2007 2492 Et
2028 2404 2110 2504 iic,

541 2537 693 2622 corpus
711 2509 751 2590 B
769 2513 1005 2594 ducendum
1024 2511 1101 2592 erit
1123 2511 1166 2593 in
1186 2509 1383 2598 chordam
1402 2535 1518 2592 arcus
1540 2508 1581 2589 B
1593 2511 1631 2606 l,
1662 2529 1708 2592 ut
1728 2510 1924 2600 habeatur
1944 2535 2086 2600 motus

544 2620 632 2704 e'us
649 2618 836 2726 proxime
855 2615 944 2725 post
962 2613 1244 2701 reflexionem.
1278 2613 1333 2699 Et
1353 2612 1470 2700 simili
1489 2615 1796 2714 methodo,‚ubi
1814 2626 2091 2730 corporeduo

545 2649 661 2814 iimul
687 2726 964 2814 demittuntur
983 2728 1037 2811 de
1065 2724 1166 2808 iocis
1184 2721 1349 2809 diversis
1369 2786 1380 2816 ‚
1417 2723 1654 2808 inveniendi
1672 2723 1764 2812 sunt
1784 2749 1920 2816 motus
1940 2729 2086 2818 utrius.

539 2862 627 3032 pue
647 2856 729 2922 tam
747 2856 867 2931 ante,
887 2831 1011 2943 quarn
1020 2831 1121 3025 §⁰st
1148 2829 1420 2917 reflexionem
1439 2868 1451 2926 a
1480 2831 1630 2921 &tum
1651 2835 1818 2924 demum
1839 2837 2090 2926 conferendi

562 2964 637 3028 unt
665 2963 804 3028 motus
825 2944 934 3026 inter
954 2943 994 3027 se
1090 2941 1310 3052 colligendi
1332 2937 1499 3026 effed’rus
1524 2937 1772 3028 reflexionis.
1834 2943 1936 3030 Hoc
1956 2950 2093 3033 modo

542 3057 588 3140 in
607 3051 801 3139 Penduus
819 3051 976 3160 pedum
993 3054 1139 3134 decem
1159 3075 1250 3142 rem.
1267 3053 1495 3140 tentando.
1534 3049 1661 3160 idque
1679 3051 1723 3134 in
1742 3053 1979 3162 corporibus
1999 3075 2085 3144 tam

543 3162 808 3270 inaequaiibus
828 3187 951 3269 quam
970 3159 1192 3268 aequalibus
1217 3216 1231 3256 ,
1258 3157 1302 3244 dr
1321 3157 1515 3244 faciendo.
1528 3178 1575 3242 ut
1595 3183 1768 3266 corpora
1786 3163 1841 3246 de
1862 3163 2093 3250 intervallis

543 3267 813 3380 ampiiffimis‚
835 3289 933 3378 puta
951 3274 1105 3378 pedum
1126 3263 1221 3354 odio
1240 3267 1306 3354 vel
1323 3265 1545 3352 duodecim
1566 3267 1630 3350 vel
1649 3265 1879 3368 sexdecim,
1907 3295 2089 3358 concur·

543 3399 708 3475 rerent;
730 3379 863 3486 reperi
881 3377 1039 3486 semper
1059 3374 1141 3461 fine
1160 3402 1300 3461 errore
1319 3375 1446 3461 trium
1463 3375 1689 3483 digitorum
1707 3374 1751 3458 in
1772 3376 1991 3475 mensuris,
2013 3381 2093 3466 ubi

544 3515 718 3598 corpora
736 3485 803 3576 fibi
824 3507 971 3571 mutuo
987 3482 1142 3569 diredie
1158 3484 1456 3574 occurrebant,
1486 3485 1598 3589 quod
1620 3485 1795 3590 aequaies
1813 3507 1930 3570 erent
1947 3509 2085 3573 muta·

545 3601 680 3680 tiones
697 3613 890 3680 motuum
917 3591 1160 3696 corporibus
1177 3593 1222 3674 in
1241 3612 1375 3698 partes
1406 3589 1628 3679 contrarias
1643 3591 1764 3682 illata
1784 3648 1798 3691 ,
1833 3613 1960 3710 atque
1976 3597 2097 3683 adeo.

548 3702 665 3812 quod
693 3695 800 3782 adio
827 3697 870 3782 &
897 3695 1054 3781 readio
1074 3697 1235 3803 semper
1312 3758 1409 3838 Η

548 3827 665 3896 erant
690 3807 878 3915 aquales.
940 3803 999 3892 Ut
1030 3803 1057 3890 fi
1083 3830 1236 3912 corpus

549 3921 596 4002 A
617 3911 824 4002 incidebat
845 3917 888 4000 in
906 3939 1057 4021 corpus
1079 3913 1121 3998 B
1136 3939 1236 4000 cum

548 4049 701 4112 novem
727 4023 906 4132 partibus
934 4043 1100 4120 motus,
1123 4021 1165 4106 dr
1192 4049 1234 4107 a·
1295 4033 1335 4094 ἱ

548 4131 672 4228 rniffis
699 4129 855 4240 [eptem
882 4131 1065 4238 partibus
1091 4156 1234 4241 perge·

550 4243 619 4328 bat
636 4237 725 4352 post
742 4236 1009 4326 reflexionem
1029 4246 1233 4326 cumdua·

548 4351 657 4445 busa
685 4372 837 4454 corpus
862 4344 904 4431 B
921 4347 1117 4436 resiliebat
1134 4369 1239 4443 curn
1267 4372 1271 4382 ·

547 4459 729 4568 partibus
753 4453 835 4550 istis
860 4453 1029 4562 septem.
1072 4456 1115 4541 Si
1143 4481 1237 4540 cor·
1391 4538 1396 4547 ,

547 4592 647 4677 pora
693 4563 858 4650 obviam
911 4563 1025 4650 ibant
1061 4565 1106 4644 A
1135 4587 1239 4648 cum-

472 4719 478 4730 ·
549 4669 970 4778 duodecimpartrbus
988 4671 1031 4756 dr
1050 4671 1090 4762 B
1106 4697 1203 4756 cum
1218 4670 1315 4772 sex,¹
1339 4671 1383 4760 δι
1404 4671 1565 4760 redibat
1584 4619 1631 4756 A
1652 4697 1748 4760 curu
1767 4671 1947 4770 duabusr
1979 4675 2092 4764 redi·

548 4781 620 4868 bar
648 4781 689 4862 B
705 4798 802 4864 cu'm
828 4773 957 4878 odio,
1001 4777 1102 4864 faria
1121 4775 1372 4865 detradiione
1398 4785 1575 4890 partium
1606 4783 1923 4892 quatuordecim
1949 4783 2092 4868 utrin-

547 4908 659 5024 gue(
702 4887 770 4981 De
788 4901 907 4980 mutu
924 4883 1041 5010 ipsius
1069 4883 1408 4987 Asubducautur
1424 4907 1559 5004 partes
1576 4887 1826 4990 duodecim,
1855 4889 1899 4975 dc
1919 4888 2092 4975 restabit

1983 4997 2106 5098 nihii
