4432 5680
1014 353 1561 460 Eul'T'outs
1683 349 1688 354 ’

518 553 592 645 nili
603 532 618 574 ³
627 556 717 666 per'
733 551 841 638 hanc
877 541 1085 664 Regulam
1130 557 1185 640 de
1222 579 1361 642 rerurn
1408 550 1689 638 universarum
1722 569 1868 643 natura
1912 555 2067 661 judica·
2211 515 2212 522 Ν

519 690 620 752 mus.
864 705 868 716 ·

572 780 665 873 Jam
691 797 788 859 curn
807 769 959 858 Gravia
976 773 1054 860 srnt
1081 774 1222 860 omnia
1246 799 1454 882 corpora,
1501 797 1596 880 quae
1615 775 1722 881 apud
1741 751 2065 860 Terramvelin

518 883 655 970 Coelis
683 882 947 990 reperiuntur
967 939 981 982 ,
1022 886 1076 968 de
1103 883 1255 996 quibus
1273 879 1566 990 Experimenta
1586 885 1652 966 vel
1670 880 1988 970 Observationes
2005 883 2067 964 in·
2211 899 2212 974 ξ

406 987 412 1000 ’
522 990 690 1082 slltuere
709 993 831 1088 liccta
862 993 1035 1079 omnino
1058 992 1281 1078 dicendum
1298 993 1402 1088 erit,
1430 987 1694 1077 Gravitatem·
1708 992 1954 1100 corporibus
1975 990 2067 1092 univ
2211 988 2212 1024 ¹

516 1101 639 1186 versrs
664 1109 915 1211 competere.
968 1099 1025 1188 Et
1053 1104 1404 1211 quemadmodum
1421 1096 1532 1187 nulla
1558 1101 1723 1210 concipi
1742 1101 1898 1188 debent
1916 1126 2066 1208 corpo-

520 1237 594 1307 ra,
632 1235 726 1324 quae
757 1235 842 1295 non
861 1208 938 1295 lint
955 1209 1157 1314 Extensa,
1185 1209 1360 1296 Mobilia
1381 1274 1392 1306 ,
1441 1209 1483 1295 &
1501 1207 1853 1319 impenetrabilior
1881 1211 1937 1295 ita
1955 1211 2066 1298 nulla

520 1319 686 1429 concipi
704 1315 858 1405 dehere
878 1379 889 1420 ,
917 1343 1012 1429 quae
1033 1345 1119 1406 non
1136 1319 1213 1405 srnt
1232 1318 1396 1408 Gravia.
1458 1317 1699 1428 Corporum
1717 1314 1939 1418 Extensro,
1969 1317 2066 1404 Mo·

521 1427 654 1513 bilitas
673 1486 686 1528 ,
725 1427 768 1512 δι
783 1428 1149 1536 impenetrabilitas
1175 1455 1261 1516 non
1281 1427 1353 1516 nisr
1372 1455 1445 1538 per
1463 1427 1758 1539 Experimenta
1776 1428 2065 1518 innotescuntr

519 1539 669 1622 eodem
686 1537 805 1645 plane
823 1537 952 1622 modo
969 1535 1163 1624 Gravitas
1188 1537 1423 1626 innotescit.
1479 1538 1670 1646 Corpora
1688 1541 1826 1626 omnia
1844 1541 1897 1624 de
1915 1537 2067 1648 quibus

429 1721 432 1726 r
520 1643 841 1731 Observationes
866 1644 1096 1748 hahemus,
1135 1643 1317 1734 Extcnsa
1342 1647 1436 1734 sunt
1455 1646 1499 1732 dc
1517 1647 1698 1734 Mobilia
1714 1648 1755 1735 &
1774 1647 2066 1757 lmpcnetrabi·

517 1755 593 1839 lia:
624 1753 666 1839 δι
684 1753 784 1840 inde
802 1755 1090 1844 concludimus
1108 1783 1283 1866 corpora
1301 1756 1511 1856 universa,
1540 1759 1664 1843 etiarn
1675 1758 1741 1843 illa
1750 1761 1803 1842 de
1814 1755 1964 1867 quibus
1976 1755 2067 1842 ota

516 1859 768 1950 servationcs
785 1889 872 1950 non
889 1863 1115 1965 habemus,
1151 1863 1330 1954 Extenla
1350 1867 1429 1953 elle
1449 1867 1490 1952 &
1509 1865 1687 1952 Mobilia
1712 1866 1753 1950 δι
1772 1863 2068 1974 lmpenetrabh

517 1971 583 2058 lia.
646 1969 705 2057 lta
732 1999 906 2084 corpora
925 1973 1064 2060 omnia
1081 1973 1175 2061 sunt
1196 1973 1382 2080 Gravia,
1408 1976 1632 2086 dequibus
1659 1973 1978 2064 Observationes
1995 1975 2067 2062 ha·

519 2078 687 2166 bemus:
726 2080 770 2167 dc
787 2085 886 2170 inde
905 2085 1193 2171 concludimus
1221 2111 1395 2196 corpora
1414 2085 1601 2170 universa
1619 2143 1633 2182 ‚
1674 2085 1799 2169 etiam
1816 2085 1885 2170 illa
1901 2085 1954 2170 de
1973 2084 2067 2194 qui·

516 2188 594 2274 bus
614 2187 938 2278 Observationes
964 2218 1049 2278 non
1076 2193 1306 2296 habemus,
1346 2192 1497 2279 Gravia
1516 2191 1610 2278 elle.
1662 2191 1705 2277 Si
1730 2194 1951 2302 quisdicat
1970 2218 2066 2281 cor·

427 2351 433 2358 ·
515 2323 619 2406 pora
628 2297 843 2390 Stellarum
862 2301 1132 2392 inerrantium
1153 2327 1238 2388 non
1258 2301 1525 2400 esseGravia,
1556 2303 1899 2411 quandoquidem
1918 2327 2065 2397 eorum

519 2403 711 2490 Gravitas
740 2409 928 2492 nondum
955 2409 1013 2490 est
1042 2409 1285 2505 observatu
1325 2413 1476 2495 eodern
1495 2430 1745 2522 argumento
1759 2412 1903 2496 dicere
1921 2410 2064 2498 licebit

516 2517 671 2628 neque'
687 2510 966 2622 Extensaesse
987 2571 1000 2612 ,
1039 2539 1117 2600 nec
1138 2515 1349 2613 Mobilia,
1401 2542 1481 2602 nec
1501 2517 1827 2627 Impeuetrabilia
1839 2577 1853 2619 ,
1885 2543 1980 2606 cum
1999 2519 2064 2611 hae

517 2619 711 2709 Fixarum
730 2619 965 2708 affeslioncs
982 2629 1170 2711 nondum
1191 2621 1267 2708 srnt
1288 2621 1520 2710 observatae.
1576 2627 1693 2738 Quid
1713 2654 1816 2735 opus
1834 2627 1893 2714 est
1911 2627 2064 2715 verbis?

516 2727 629 2816 Inter
646 2731 855 2841 primarias
904 2732 1089 2817 ualitates
1107 2758 1330 2842 corporum
1349 2733 1633 2820 universorum
1651 2738 1714 2821 vel
1734 2733 1922 2824 Gravitas
1941 2737 2067 2825 habe·

516 2839 581 2924 bit
602 2842 766 2937 locnms
796 2840 860 2926 vel
873 2758 1096 2940 {mensam
1117 2839 1359 2940 Mobilitas,
1390 2841 1431 2926 da
1452 2841 1817 2952 Impenetrabiliras
1837 2871 1922 2934 non
1941 2846 2066 2935 habe·

519 2947 638 3034 bunt.
696 2947 752 3034 Et
778 2967 923 3034 natura
952 2975 1090 3034 rerum
1110 2952 1173 3035 vel
1192 2947 1302 3036 recle
1320 2951 1593 3058 explicabitur
1611 2979 1686 3062 per
1713 2967 1936 3062 corporum
1956 2953 2065 3042 Gra·

517 3057 718 3152 vitatem,
768 3059 833 3141 vel
861 3083 946 3143 non
974 3057 1083 3144 reste
1110 3060 1381 3169 explicabitur
1400 3083 1473 3170 per
1501 3086 1725 3170 corporum
1747 3061 2064 3162 Extenfiouema

516 3161 829 3265 Mobilitatern,
860 3168 902 3252 δι
921 3165 1365 3274 Impenetrabilitatem.

569 3276 712 3361 Audio
731 3277 954 3362 nonnullos
980 3275 1084 3360 hanc
1106 3276 1342 3386 improbare
1360 3277 1700 3379 conclufioncm‚
1751 3279 1794 3366 dc
1817 3284 1870 3368 dc
1886 3283 2064 3370 occultis

515 3381 780 3494 qualitatihus
806 3382 947 3470 nescio
971 3385 1073 3494 quid
1102 3385 1331 3472 mulsrtare.·
1383 3387 1641 3474 Gravitatem
1658 3388 1814 3475 scilicet
1833 3392 2063 3482 Occultum

515 3489 716 3601 alioquid
739 3551 752 3592 ,
796 3511 1000 3600 perpetuo
1020 3496 1199 3600 argutari
1216 3495 1349 3580 solent
1370 3531 1383 3593 a
1423 3497 1606 3584 occultas
1633 3524 1732 3584 vero
1761 3499 1896 3587 causas
1915 3503 2063 3611 procul

516 3597 597 3684 elle
624 3597 715 3682 able
745 3600 867 3684 undas
886 3624 909 3682 a
927 3597 1201 3706 Philosophia.
1264 3599 1346 3685 His
1363 3622 1503 3688 autem
1524 3603 1642 3690 facile
1663 3605 1957 3715 respondetura
1987 3635 2062 3694 oc·

516 3708 646 3796 cultas
673 3731 698 3792 e
730 3731 754 3788 e
782 3703 941 3804 causas,
972 3731 1058 3808 non
1076 3709 1164 3792 illas
1197 3709 1367 3818 quidem
1386 3735 1559 3902 quarum
1588 3711 1803 3802 existentia
1822 3717 2063 3830 petObser·

514 3815 698 3902 vationes
715 3811 929 3903 clarissime
955 3815 1278 3912 demonstratur,
1305 3817 1375 3904 sed
1422 3848 1464 3906 as
1480 3819 1612 3908 solurn
1669 3848 1813 3912 uarum
1833 3826 2062 3916 occultaest

515 3923 560 4010 dc
587 3921 679 4014 fieta
706 3923 918 4012 existentia
947 3927 1135 4012 nondum
1162 3951 1262 4010 vero
1289 3921 1564 4040 comprobata.
1683 3935 1828 4020 raviras
1855 3961 1957 4048 ergo
1976 3963 2063 4028 nott

516 4034 597 4120 erit
621 4035 786 4121 occulta
816 4033 933 4120 causa
950 4051 1143 4118 motuum
1168 4033 1430 4137 coelestiana
1473 4037 1672 4152 squidem
1700 4067 1754 4128 cx
1771 4043 2063 4136 Phaenonrenis

498 4139 721 4228 'ostensum
742 4139 832 4239 est,
862 4143 966 4226 hanc
987 4142 1183 4228 virtutem
1212 4171 1352 4232 revera
1371 4147 1555 4236 existere.
1612 4149 1676 4236 Hi
1694 4156 1831 4261 potius
1849 4158 1899 4241 ad
1921 4157 2063 4244 occul·
2211 4179 2212 4206 ³

516 4267 576 4336 tas
593 4249 721 4336 consu

514 4275 848 4552 ἓςοτῑυςὲἱᾷἰῐίω
869 4359 913 4446 &
938 4358 1115 4446 senfibus
1141 4363 1313 4450 omnino
1331 4365 1520 4477 ignote,
1550 4367 1728 4454 motibus
1745 4371 1888 4458 iisdem
1909 4399 2061 4486 regen·
2211 4399 2212 4402 ‘

547 4487 836 4576 mmmm
2211 4489 2212 4504 ¹

752 4252 844 4338 iuut
863 4249 1022 4347 causata
1053 4255 1126 4360 qui
1145 4251 1629 4366 nescioquosVortices,
1661 4263 2061 4371 materiaecojusda‘m
2211 4271 2212 4280 '

570 4579 726 4665 ideone
753 4597 893 4664 autem
917 4576 1108 4665 Gravitas
1137 4581 1301 4668 occulta
1327 4581 1444 4670 causa
1471 4585 1670 4686 dicetur,
1721 4613 1859 4701 eoque
1888 4591 2063 4682 nominc
2211 4665 2212 4668 a

521 4683 774 4792 rejicieture
799 4685 1090 4798 Philosophia,
1161 4697 1245 4781 uod
1270 4692 1383 4778 causa
1408 4691 1529 4803 ipsius
1549 4695 1769 4784 Gravitatis
1807 4701 1970 4785 occulta
1999 4701 2062 4788 est
2211 4713 2212 4726 '

520 4793 564 4884 ds
582 4797 770 4884 nondum
787 4795 980 4884 inventae
1018 4799 1105 4914 Qui
1123 4717 1176 4888 sc
1202 4800 1408 4902 statuunt,
1438 4803 1602 4892 videant
1619 4806 1776 4918 nequid
1796 4807 1972 4898 statuant
1989 4811 2062 4894 ab·

1926 4916 2060 5018 surdi,
2211 4945 2212 4978 u
