4394 5688
530 389 615 496 178
672 451 678 464 .
863 385 1363 478 PHILOSOPHIAE
1417 385 1826 480 NATURALIS

328 559 385 670 pt
404 553 521 630 Moru
534 575 645 650 terea
684 562 828 650 eadem
865 553 925 649 est
958 589 1005 649 ac
1034 563 1063 652 sr
1100 563 1162 649 vis
1189 581 1279 649 tota
1314 560 1523 650 attrahens
1548 585 1733 652 manaret
1762 564 1814 649 de
1842 563 2094 672 corpuscuio

310 645 511 714 ⁶⁰⁸⁷⁰⁸⁰⁸
533 675 663 760 unico
690 671 766 758 fito
801 673 846 758 in
871 695 1021 760 centro
1057 674 1178 785 hujus
1205 671 1394 784 Spbaerae.
1450 671 1560 758 Haec
1587 697 1727 760 nutem
1754 670 1944 760 attraflio
1973 699 2091 767 tanta

531 779 590 867 est
618 800 771 894 quanta
798 780 912 868 soret
942 781 1114 870 viciffirn
1153 779 1342 870 attrastio
1377 781 1610 892 corpusculi
1639 783 1851 886 ejusdem,
1899 783 1927 867 st
1955 793 2093 876 modo

347 888 349 901 '
529 891 633 978 ittud
660 918 682 976 a
710 889 766 977 srn
826 893 873 979 lis
900 891 1079 995 thaerae
1106 891 1289 982 attrastae
1307 892 1515 1004 particulis
1534 893 1739 979 etdemvi
1760 893 2090 1010 trahereturqua

529 1000 633 1112 ipsas
662 1021 766 1088 attra
798 1003 842 1089 it.
917 1001 1042 1092 Foret
1070 1024 1209 1090 autem
1238 1003 1307 1089 illa
1337 1002 1570 1112 corpusculi
1596 999 1788 1088 attrat‘iio
1830 1009 1937 1112 (pet
1960 1005 2085 1119 Prop.

529 1112 704 1224 nxxrv.)
732 1113 949 1223 reciproce
975 1114 1293 1224 proportionalis
1320 1117 1524 1224 quadrato
1551 1111 1751 1198 distantiae
1779 1113 1857 1198 suae
1884 1143 1908 1200 a
1933 1142 2091 1206 centro

530 1219 731 1347 Sphaerae;
758 1224 949 1415 adEeoffite
974 1224 1072 1311 huic
1101 1225 1267 1336 aequalis
1295 1219 1484 1309 attractio
1510 1221 1687 1333 Sphaerae
1715 1219 1835 1309 estin
1854 1227 2086 1315 eademea-

532 1349 662 1417 tione.
762 1401 770 1416 .
835 1397 843 1414 .
922 1397 943 1420 ..

539 1491 544 1498 ·
586 1333 773 1530 Carris}
796 1441 1119 1534 AttratiionesS
1148 1443 1375 1542 baccarum,
1403 1442 1542 1532 versus
1559 1442 1656 1530 alias
1672 1439 1858 1553 Sphaeras
1877 1444 2080 1564 homoge-

530 1573 653 1648 neas,
681 1552 775 1640 sunt
795 1574 842 1640 ut
860 1553 1037 1665 Sphaerae
1057 1469 1267 1643 trabentes
1287 1554 1497 1666 applicatae
1518 1557 1570 1641 ad
1589 1553 2086 1664 quadratadista-ntiarutn

530 1681 774 1749 centrorurn
802 1667 969 1750 suornm
998 1693 1020 1750 a
1046 1665 1201 1750 centris
1229 1688 1370 1749 earum
1399 1689 1500 1775 quas
1529 1663 1754 1748 attrahunt.

586 1773 708 1857 Corot.
729 1804 765 1854 2.
793 1772 907 1860 ldeur
926 1776 1034 1860 valet
1060 1774 1133 1860 ubi
1159 1771 1324 1884 Spbaera
1359 1773 1528 1861 attracta
1564 1774 1688 1858 etiam
1716 1774 1896 1860 attrahit.
1952 1777 2077 1866 Nan>

560 1907 614 1968 ue
632 1879 753 1991 hujus
786 1881 935 1990 pontia
969 1882 1122 1996 singula
1156 1885 1319 1970 trahent
1346 1879 1498 1996 singuia
1524 1884 1723 1984 alterius,
1762 1886 1907 1972 eadem
1925 1892 1966 1971 vi
1992 1912 2084 1999 qua

527 2015 550 2077 a
606 1989 697 2100 ipfis
716 1991 887 2079 viciffim
915 1995 1171 2094 trabuntur,
1208 1998 1401 2103 adeoque
1419 2017 1517 2078 cunr
1546 1993 1588 2077 in
1611 1994 1725 2080 omni
1744 1991 1987 2082 attractione
2007 2025 2079 2084 ur-

527 2122 674 2214 geratur
693 2101 793 2212 (p'er
813 2101 974 2228 Legem
993 2103 1096 2212 ιιι.)
1126 2123 1209 2189 tam
1238 2103 1438 2216 punflum
1458 2101 1665 2188 attrahens
1685 2161 1702 2203 ,
1735 2127 1861 2214 quant
1876 2107 2083 2214 punctum

528 2207 746 2406 attragiurn
757 2267 771 2310 ‚
789 2211 1067 2326 geminabitur
1085 2213 1146 2300 vis
1165 2213 1415 2300 attractionis
1434 2231 1614 2312 mutuae,
1635 2209 1883 2300 conseruatis
1901 2243 2081 2330 propor-

523 2333 629 2407 ttont
662 2347 720 2412 us.
1456 2399 1473 2414 .

580 2431 706 2514 Corrl.
730 2459 765 2542 3¹.
803 2431 965 2520 Eadem
983 2433 1123 2522 omnia
1144 2494 1158 2532 ,
1188 2458 1284 2547 quae
1300 2431 1486 2541 superius
1507 2433 1561 2520 de
1581 2451 1700 2520 nrotu
1720 2455 1944 2542 corporum
1962 2437 2080 2526 circa

523 2537 765 2626 umbilicum
794 2539 1049 2628 Conicarunr
1068 2541 1308 2630 Sestionurn
1336 2542 1611 2630 demonstrata
1629 2541 1718 2628 sunt
1740 2602 1753 2640 ,
1787 2543 1981 2632 obtinent
2001 2549 2081 2638 ubi

524 2643 689 2842 ξρὲωιι
714 2651 923 2738 attrahens
949 2653 1110 2738 locatur
1137 2652 1184 2738 in
1212 2651 1414 2740 umbilico
1439 2649 1484 2736 bt
1511 2677 1687 2764 corpora
1715 2675 1937 2742 moventur
1957 2679 2081 2748 extra

612 2781 747 2846 aeram.

552 2781 751 2977 pcorot4
776 2867 837 2956 Ea
865 2896 966 2956 veto
992 2883 1087 2982 quae
1114 2872 1168 2956 tie
1195 2891 1315 2960 motu
1342 2895 1565 2978 corporum
1594 2871 1703 2958 circa
1732 2893 1923 2962 centrum
1943 2875 2079 2966 Coni-

522 2973 922 3172 earungbletiionum
942 2980 1302 3082 demonstrantur,
1330 2981 1524 3066 obtinent
1553 2981 1627 3066 ubi
1651 3006 1789 3069 motus
1814 3009 2080 3098 peraguntur

520 3104 630 3170 cntra
677 3113 867 3197 pteram.
1680 3103 1684 3112 '

554 3313 557 3320 “
631 3287 1055 3379 PROPOSITIO
1102 3279 1984 3384 LXXV1.THEOREMAXXXV1.

519 3441 573 3548 Sr'
605 3447 801 3591 Sphaerae
830 3449 878 3551 r'n
892 3448 1129 3590 progrcffrr
1156 3486 1188 3546 a
1219 3474 1368 3546 centro
1400 3443 1470 3544 acl
1485 3441 1894 3572 circumferentiam
1922 3443 1942 3580 (
1954 3483 2074 3580 quo-

536 3677 541 3684 .
588 3588 659 3688 ad
685 3587 890 3686 materiae
929 3587 1191 3718 densttatcm
1225 3583 1287 3694 ὅ
1314 3583 1410 3692 vim
1456 3577 1799 3718 attracir'vam)
1838 3608 2073 3720 utcurrqrce

530 3743 541 3764 “
585 3723 635 3824 di
670 3724 909 3848 rmilarer,
958 3725 1007 3824 r'rr
1034 3723 1269 3863 progreffic
1290 3758 1397 3822 vcro
1421 3749 1510 3858 per
1546 3718 1782 3819 circuitum
1806 3719 2066 3824 addaram

586 3899 809 3966 amnema
837 3889 984 3962 centro
1007 3862 1265 3984 distantiam
1279 3863 1390 3994 senc
1417 3855 1853 3994 uncsrquefimilarcs
1865 3937 1879 3982 ,
1906 3857 1967 3966 δῖ’
1988 3861 2065 3958 vis

585 4003 835 4106 attracir'va
865 3999 1028 4142 puniir'
1067 4008 1276 4137 cujusque
1308 3995 1519 4120 decrescit
1553 3995 1601 4094 in
1628 3994 1860 4136 duplicata
1882 3997 2064 4098 ratione

583 4141 799 4274 distantia
836 4139 1028 4280 corporis
1063 4137 1250 4241 attraclr'
1264 4176 1279 4236 .·
1316 4135 1412 4258 dico
1435 4134 1558 4272 quod
1582 4132 1651 4234 vis
1673 4161 1765 4240 racc
1788 4171 1880 4271 qua
1903 4135 2071 4267 hujus?-

533 4343 539 4353 -
583 4279 703 4380 modi
736 4279 927 4418 Sphaera
959 4316 1052 4380 una
1082 4275 1279 4380 attrahit
1301 4275 1445 4375 aliam
1495 4301 1531 4374 rt
1555 4273 1777 4416 reciproce
1798 4276 2071 4416 proportio·

569 4419 697 4520 'nolis
726 4417 948 4556 quadrato
970 4415 1187 4549 distantiae
1210 4442 1476 4516 cercirorum.

563 4619 697 4708 Sunto
715 4586 892 4734 Sphaerae
910 4643 1187 4741 quotcunque
1205 4623 1484 4712 concentricae
1503 4616 1693 4710 fimilares
1711 4621 1758 4706 A
1763 4619 1938 4721 ΜΦ,
1950 4620 1994 4708 E
2004 4623 2072 4730 F,

508 4731 591 4826 &u
627 4755 803 4852 quarunt
831 4737 1050 4832 interiores
1075 4739 1220 4830 addite
1247 4734 1521 4826 exterioribus
1559 4733 2074 4930 componantdmatfieriam

1210 4871 1214 4880 ·
1853 4865 1905 4930 en
1937 4869 2077 4942 orem
