4432 5680
644 303 1249 409 tudunum.

22 523 24 532 “
164 500 875 613 totirsmolesinbinasquascunque
892 519 1050 614 partes,
1071 495 1699 616 velaequalesvelutcunqueiu·

167 619 329 726 equales
349 641 360 699 :
402 613 486 724 jam
506 613 534 698 li
560 615 744 718 pondera
762 611 939 721 partium
959 637 1044 698 non
1064 612 1191 698 essent
1212 615 1254 697 in
1275 611 1312 696 se
1329 633 1478 697 mutuo
1497 607 1695 724 aqualia}

157 729 319 812 cederet
337 728 504 832 pondus
521 721 656 806 minus
676 721 846 830 majori,
877 720 1071 828 &partes
1091 719 1321 828 coniundiae
1348 741 1567 832 pergerent
1585 721 1695 808 redit

155 835 310 920 moveri
330 835 380 918 ad
401 831 607 918 inlinitum
629 893 639 922 ‚
676 830 812 916 versus
830 831 986 940 plagam
1006 831 1047 914 in
1068 856 1191 940 quam
1211 832 1345 915 tendit
1365 835 1527 940 pondus
1544 829 1693 939 majora

22 1045 23 1050 Ν
154 945 327 1030 omnino
344 961 489 1028 contra
509 938 830 1046 Experientiam.
868 939 1012 1049 ltaque
1030 941 1256 1024 dicendum
1274 943 1377 1038 erit,
1407 944 1590 1049 pondera
1609 966 1696 1049 par·

22 1121 23 1126 r
151 1055 251 1140 tiurn
269 1053 314 1138 in
335 1049 569 1163 aequilibrio
587 1044 667 1133 elie
684 1047 927 1134 constituta:
954 1051 1035 1147 boc
1054 1047 1378 1150 est,Gravitatis
1392 1049 1596 1138 astionem
1613 1045 1695 1136 elit

152 1162 404 1249 mutuam-dr
425 1168 622 1268 utrinque
641 1159 855 1270 aequalem.
1681 1181 1687 1196 ·

130 1285 169 1346 c*
199 1271 394 1356 Pondere
411 1293 656 1378 corporum,
675 1270 881 1376 aqualiter
898 1295 919 1352 a
937 1288 1085 1354 centro
1102 1267 1250 1354 Terrte
1267 1267 1526 1370 distantium,
1545 1271 1709 1358 suntut·

152 1381 402 1491 quantitates
421 1379 603 1464 materiae
620 1377 663 1462 in
682 1381 937 1487 corporibus.
992 1378 1093 1464 Hoc
1110 1380 1257 1490 utique
1274 1379 1483 1490 colligitur
1501 1407 1694 1508 exaqua·
1819 1385 1828 1392 “

22 1567 24 1580 .
152 1494 178 1576 li
204 1489 508 1574 acceleratione
534 1512 757 1592 corporum
786 1488 1009 1585 omnium,
1043 1489 1227 1598 equiete
1244 1513 1317 1595 per
1336 1491 1567 1597 ponderum
1587 1513 1696 1576 utres

152 1601 389 1686 cadentium
409 1625 419 1682 ε
466 1619 560 1682 narn
580 1597 685 1682 vires
713 1596 864 1706 quibus
882 1598 1097 1706 inaequalia
1115 1623 1288 1707 corpora
1308 1599 1520 1709 equaliter
1538 1600 1696 1685 accele²

153 1727 326 1804 rantur,
366 1708 522 1790 debent
548 1701 628 1790 elle
646 1707 972 1814 proportionales
998 1708 1297 1818 quantitatibus
1324 1717 1697 1796 materiae‘movent·

157 1822 217 1902 da.
266 1816 360 1924 Jam
389 1841 490 1900 tero
516 1840 691 1925 corpora
719 1815 900 1900 universa
931 1819 1120 1902 cadentia
1138 1818 1350 1928 aequaliter
1369 1818 1613 1916 accelerari,
1641 1831 1697 1904 ex
1737 1827 1744 1838 '

22 1943 23 2016 3
156 1954 204 2012 eo
232 1945 386 2032 patet,
423 1927 537 2033 quod
556 1926 599 2008 in
620 1924 774 2010 Vacuo
790 1927 972 2030 Boyb‘aao
998 1928 1254 2035 temporibus
1283 1929 1505 2038 aequalibus
1524 1927 1695 2037 aequalia

153 2037 275 2144 spatia
295 2036 488 2121 cadendo
514 2033 752 2118 describunt
773 2094 787 2134 ,
815 2033 971 2120 sublata
990 2035 1144 2121 scilicet
1165 2037 1284 2121 Aeris
1302 2034 1542 2122 refistentiar
1572 2059 1697 2122 accu·
1779 2043 1788 2060 “

22 2245 23 2256 Ν
155 2146 278 2230 ratius
298 2162 438 2227 autern
457 2143 752 2252 comprobatur
769 2169 842 2254 per
863 2143 1154 2255 Experimento
1174 2145 1465 2232 Pendulorum.
1680 2159 1684 2170 '

205 2254 329 2341 Vires
347 2247 569 2337 attrutiitae
587 2277 812 2362 corporum
826 2255 893 2344 ‚in
906 2255 1132 2362 aequalibus
1150 2253 1370 2351 distantiis,
1390 2253 1482 2339 sunt
1501 2273 1549 2338 ut
1567 2276 1698 2365 quanb

154 2365 293 2448 titates
320 2362 506 2448 materiae
530 2363 572 2444 in
598 2361 854 2468 corporibus.
919 2364 1025 2446 Natu
1054 2385 1158 2448 cum
1177 2385 1350 2468 corpora
1373 2367 1421 2446 in
1445 2365 1618 2450 Terram
1651 2363 1696 2449 ἃ

152 2473 291 2556 Terra
317 2467 489 2555 ricilsnn
516 2471 752 2578 incorpora
779 2473 999 2554 momentis
1026 2470 1241 2577 aequalibus
1270 2472 1508 2581 gravitent;
1546 2472 1695 2558 Terrae

152 2584 317 2688 pondus
330 2581 379 2664 in
391 2581 725 2688 unumquodque
742 2602 921 2687 corpus,
944 2577 1008 2662 stu
1032 2581 1090 2662 vis
1111 2605 1190 2686 qua
1212 2603 1362 2689 corpus
1379 2579 1555 2667 Terram
1574 2601 1695 2668 attra-

151 2691 237 2790 hit,
266 2689 499 2799 aequrbitur
516 2689 691 2798 ponderi
711 2688 896 2795 corporis
915 2687 1102 2795 ejusdem·
1115 2688 1157 2772 in
1178 2688 1369 2775 Terram.
1425 2689 1524 2774 l·loc
1552 2711 1694 2778 autem

152 2803 320 2910 pondus
329 2817 417 2882 erat
437 2819 483 2882 ut
502 2798 708 2904 quantitas
728 2798 908 2880 materiae
927 2799 968 2882 in
989 2823 1184 2908 corpore:
1206 2799 1346 2907 itaque
1363 2799 1425 2882 vis
1444 2825 1530 2909 qua·
1545 2827 1696 2908 corpus

151 2911 487 3018 utrumquodque
504 2906 686 2991 Terram
701 2907 898 3005 attrabit,
926 2905 1003 2992 lrve
1022 2911 1207 3018 corporis
1226 2909 1282 2994 vis
1303 2907 1484 2994 absoluta
1507 2968 1520 3010 ,
1550 2910 1629 2996 erit
1647 2927 1697 2997 ut

151 3023 295 3104 eadem
315 3019 521 3126 quantitas
544 3017 737 3101 materiae.

203 3127 354 3212 Oritur
382 3151 491 3236 ergo·
514 3123 554 3208 de
586 3125 856 3232 componitur·
878 3125 938 3210 vis
965 3123 1177 3211 attractiva
1194 3151 1417 3235 corporum
1436 3127 1696 3244 integrorum

153 3263 201 3322 en
229 3235 393 3320 viribus
418 3231 636 3318 attradiivis
663 3235 870 3339 partium:
918 3233 1118 3343 liquidem
1147 3235 1267 3322 audin»
1282 3237 1345 3322 vel
1363 3239 1569 3324 diminuta·
1584 3247 1696 3326 mole

152 3345 369 3441 materiae,
408 3342 612 3426 ollensum
634 3341 725 3439 est,
771 3345 1135 3451 proportionaliter
1162 3347 1301 3450 augeri
1330 3349 1394 3426 vel
1413 3349 1588 3430 diminui
1608 3350 1697 3454 ejus

151 3459 364 3540 virtutem.
421 3449 544 3536 noio
561 3453 705 3561 itaque
721 3448 905 3533 Telluris
924 3473 978 3534 ex
996 3448 1225 3557 conjuntiis
1245 3449 1425 3559 partium
1451 3449 1697 3541 Adlionibus

153 3561 333 3648 conflari
346 3560 547 3646 censenda
569 3563 670 3656 erite
701 3581 826 3668 atque
845 3559 951 3642 adeo
966 3583 1140 3668 corpora
1163 3557 1542 3645 omniaTerrestria
1557 3561 1697 3650 semu·

22 3717 23 3720 κ
154 3693 224 3757 tuo
248 3671 413 3756 trabere
440 3689 608 3776 oportet
625 3669 779 3753 viribus
797 3665 991 3752 absolutis
1013 3726 1026 3765 ,
1064 3693 1158 3776 quae
1179 3667 1255 3754 fint
1274 3673 1316 3754 in
1336 3670 1495 3754 ratione
1515 3675 1696 3760 materiae

152 3781 364 3866 trahentis.
414 3777 522 3864 Haec
542 3778 601 3862 eli
619 3801 770 3864 natura
782 3774 1007 3862 Gravitatis
1035 3781 1146 3886 apud·
1160 3778 1358 3874 Terram:
1389 3783 1596 3867 rideamus
1611 3781 1696 3892 jam

150 3893 284 4003 qualis
306 3889 352 3973 srt
371 3889 414 3972 in
433 3887 577 3973 Coelis.
859 3927 864 3934 ·
1686 3907 1690 3915 ’

203 4001 377 4105 Corpus
395 4022 520 4082 omne
539 3996 795 4103 perseverare
815 3995 856 4079 in
875 3993 979 4080 statu
1005 3993 1084 4079 luo
1096 3997 1161 4080 vel
1173 3994 1405 4104 quiescendi
1425 4002 1488 4084 vel
1501 4002 1696 4088 movendi

148 4109 428 4196 uniformiter·
449 4107 492 4190 iu
519 4105 720 4190 diredium
741 4164 754 4202 ,
791 4103 864 4190 uisr
883 4125 1087 4211 quatenus
1105 4134 1131 4198 ag
1146 4103 1298 4191 viribus
1316 4107 1703 4220 imprelsrscogitur·

148 4218 439 4304 liatumillum
456 4237 614 4300 mutare
637 4251 655 4310 a
701 4209 1696 4323 Naturaelexeli&omnibus-receptaePhilos⁵
1773 4234 1782 4249 ‘

22 4345 23 4400 l
146 4331 255 4442 pbis.
311 4323 415 4408 lude
429 4349 529 4410 tero
549 4325 756 4432 sequitur,
786 4347 959 4430 corpora
978 4321 1283 4431 quainCurvis
1300 4350 1547 4426 moventur,
1568 4349 1696 4438 atque

148 4445 259 4526 adeo
287 4437 341 4519 de
372 4433 491 4517 lineis
521 4432 640 4518 retiis
659 4433 827 4518 Orbitas
851 4436 939 4515 luas
967 4430 1229 4541 tangentibus
1257 4434 1409 4544 jugiter
1429 4435 1608 4537 abeunt,
1640 4437 1697 4524 Vi

151 4551 295 4660 aliqua
310 4564 514 4651 perpetuo
541 4565 690 4652 agente
708 4540 878 4624 retineri
898 4541 939 4624 iu
963 4539 1112 4624 itinere
1130 4544 1369 4628 curvilineo:
1425 4543 1603 4632 Pl'anetis
1623 4549 1696 4657 igi·-

151 4793 227 4879 pet
243 4765 362 4878 cujus
387 4758 566 4850 titiones
583 4763 777 4874 repetitas
791 4755 1692 4873 indesinenteraTaugentibusdellediantur.¹

156 4678 220 4744 tur
244 4660 288 4740 in
309 4651 495 4740 Orbibus
524 4653 658 4736 curvis
687 4649 1002 4735 revolventibus
1024 4647 1257 4734 neceffnrio
1274 4652 1406 4736 aderit·
1422 4649 1497 4740 Vis
1525 4658 1702 4766 aliqua,

22 4949 23 4996 1
893 4869 930 4975 ,b
949 4895 978 4972 3·
1600 4871 1701 4982 „lama
1746 4883 1760 4894 ³
