4390 5680
353 405 1332 522 Ριιιιιειιιι·ιιιςτιιιιιιιιτιιιι.
1400 465 1402 470 .
1577 432 1659 536 u,

98 585 272 674 tionum
291 603 480 696 tempora
500 607 547 676 ut
568 590 751 700 ipsorum
767 588 1083 687 semidiametri,
1110 589 1154 677 δι
1174 589 1404 701 perseveret
1422 581 1545 672 fluidi
1563 608 1654 695 pars
1712 596 1877 672 nrm,

97 721 367 808 unaqueque
385 698 429 782 in
448 718 568 808 motu
581 700 679 800 suoi
701 722 823 788 erunt
844 703 1020 811 partium
1042 697 1291 812 singularum
1309 721 1496 809 tempora
1515 693 1649 808 perio·
1670 680 1860 758 secururs.
1994 707 1997 713 “

96 811 193 895 dica
213 827 261 894 ut
281 805 457 918 ipsarum
484 806 686 896 distantiae
705 810 757 895 ab
775 835 851 898 atre
870 810 1166 924 cylindrorum.

152 917 280 1004 corat
306 943 342 1028 3.
382 917 424 1002 Si
445 918 634 1029 cylindro
668 915 866 1010 &fluido
890 921 947 1010 ad
974 921 1086 1006 hunc
1121 921 1294 1008 modum
1325 917 1449 1006 motis
1477 915 1650 1026 addatur

98 1030 163 1116 vel
181 1024 391 1122 auferatur
401 1030 643 1130 ‚communie
656 1028 832 1142 quilibet
854 1053 992 1117 motus
1009 1031 1237 1142 angulatim
1266 1025 1651 1155 quoniambocno·
1805 1059 1811 1078 ι

99 1165 153 1222 vo
173 1158 294 1224 motu
314 1161 401 1224 non
420 1156 602 1226 mutatur
631 1140 796 1226 attritus
819 1157 991 1228 mutuus
1018 1143 1196 1250 partium
1222 1137 1375 1240 fluidi,
1406 1165 1494 1226 non
1515 1155 1652 1224 muta·

101 1247 258 1336 buntur
285 1267 425 1332 motus
461 1249 660 1358 partium
680 1251 789 1336 iuter
823 1251 877 1338 se.
945 1249 1052 1335 Nam
1079 1247 1363 1336 translationes
1391 1249 1568 1359 partium
1596 1245 1650 1332 ab
1688 1337 1692 1344 ,

100 1358 280 1446 invicem
299 1361 483 1468 pendent
505 1355 556 1444 ab
584 1358 742 1450 attritu.
797 1359 897 1446 Pars
914 1359 1111 1470 quaelibet
1129 1360 1172 1446 in
1193 1387 1246 1446 eo
1265 1357 1540 1467 perseverabit
1560 1382 1652 1442 mo·

100 1485 174 1568 tu,
203 1466 307 1580 qui,
335 1467 482 1552 attritu
509 1468 626 1554 utrin
659 1495 711 1556 ue
739 1469 785 1556 iu
804 1468 1031 1556 contrariae
1056 1491 1193 1581 parter
1220 1467 1364 1569 sablo,
1405 1493 1494 1555 non
1522 1469 1655 1582 magia

101 1577 355 1675 recederetur
405 1599 498 1664 uam
518 1493 763 1666 rotariatur.
982 1631 987 1640 ·
1098 1597 1103 1614 ’

154 1687 336 1795 Genusi-
363 1601 542 1800 iindqsi
573 1688 655 1774 toti
681 1685 966 1801 cylindrorum
996 1684 1176 1774 &fluidi
1207 1685 1422 1802 Syllemuti
1440 1683 1653 1776 auferetur

100 1817 238 1886 motus
265 1796 443 1890 omuisa
503 1798 624 1898 uluris
641 1799 818 1910 cylindri
845 1797 1099 1902 exterioris,
1137 1794 1351 1884 habebitur
1370 1820 1514 1882 motus
1530 1797 1652 1888 fluidi

99 1908 356 2018 iucyliudto
375 1907 474 2016 quie
493 1927 630 1994 cente.
721 1933 725 1942 ·
921 2008 923 2014 Ι

151 2015 279 2102 coru.
302 2045 339 2122 5.
368 2015 503 2143 Igitur
520 2014 548 2102 fi
568 2009 702 2104 liuido
722 2015 973 2128 &cylindro
995 2014 1204 2104 exteriore
1223 2013 1557 2128 quiescentibus,
1584 2042 1652 2104 re·

105 2129 299 2214 uoluatur
325 2150 350 2209 c
380 2127 535 2212 lrndrus
563 2125 742 2214 interior
765 2117 1030 2215 unisortniter
1049 2163 1065 2226 a·
1106 2125 1483 2212 communicabitur
1512 2147 1652 2212 ruotue

101 2231 319 2338 circulatis·
365 2236 488 2334 uido,
509 2234 551 2324 dc
573 2237 767 2347 paulatim
785 2261 858 2345 pet
879 2256 1015 2322 totum
1035 2233 1213 2320 fluidum
1232 2233 1546 2344 propagabitur,
1568 2260 1652 2320 nec

99 2347 214 2456 ptius
230 2341 387 2437 deiru
413 2345 558 2456 augeri
582 2341 856 2457 quandoidi
875 2364 1006 2458 pitter
1035 2343 1202 2458 singulte
1230 2363 1394 2430 motum
1414 2341 1652 2434 Corollario

99 2473 255 2567 quarto
272 2451 491 2545 definitum
512 2457 740 2567 acquirant.
1559 2537 1564 2550 ,
2002 2559 2006 2566 .

155 2566 280 2652 Corol.
298 2565 337 2650 6.
366 2564 422 2652 Et
442 2567 640 2674 quoniam
659 2559 832 2652 fluidum
849 2583 1026 2650 conatur
1058 2581 1221 2650 motum
1239 2559 1358 2647 suurn
1378 2559 1513 2648 adhuc
1531 2562 1652 2652 latiur
1827 2587 1830 2597 ·

96 2697 357 2786 propagate,
402 2673 523 2784 hujus
550 2674 711 2785 impetu
739 2677 1048 2870 circumagetur
1075 2671 1201 2759 etiam
1230 2671 1438 2784 cylindrus
1468 2673 1651 2760 exterior

97 2784 171 2872 nist
192 2785 397 2872 violenter
415 2785 634 2882 detentore
662 2783 707 2869 dt
736 2786 918 2870 accelera
951 2785 1034 2872 itur
1063 2782 1153 2892 ejus
1192 2803 1330 2869 motus
1350 2784 1491 2892 quoad
1523 2781 1652 2892 usque
1689 2855 1693 2866 .

98 2919 288 3004 tempora
314 2892 526 3004 periodica
550 2894 727 3006 cylindri
745 2893 963 3004 utriusque
981 2912 1202 3004 toquentur
1220 2892 1331 2978 inter
1348 2891 1402 2977 se.
1457 2895 1588 3005 Quod
1622 2893 1653 2982 si

96 3007 308 3115 cylindrus
327 3003 511 3090 exterior
530 3006 734 3092 violenter
750 3007 1008 3096 detineatur.
1037 3001 1259 3086 conabitur
1286 3000 1320 3084 is
1339 3021 1502 3088 motum
1531 2997 1652 3092 fluidi
1789 3045 1793 3054 ,

99 3119 310 3202 retardare
328 3149 342 3210 t
379 3113 422 3198 de
443 3110 516 3200 nist
548 3115 755 3224 cylindrus
784 3113 957 3196 interior
978 3111 1018 3193 vi
1037 3112 1173 3218 aliqua
1190 3107 1444 3194 extrinsecus
1461 3107 1653 3218 impressa

97 3245 261 3312 motum
281 3225 397 3320 illurn
417 3222 664 3321 conservet,
693 3218 850 3320 efficiet
877 3236 926 3304 ut
944 3219 1057 3302 ldem
1076 3216 1271 3326 paulatim
1291 3213 1429 3306 cesset.

152 3340 263 3446 Quae
284 3333 427 3420 omnir
444 3333 489 3420 in
508 3334 632 3444 Aqua
651 3329 858 3442 profunda
878 3325 1089 3442 stagnante
1105 3324 1280 3436 experiri
1298 3324 1410 3412 licet.

297 3507 754 3602 ⁴PROPOSITIO
786 3505 886 3595 ·LIl.
922 3501 1332 3596 THEOREMA
1369 3501 1466 3593 XL.
1543 3623 1548 3630 Ι

92 3725 148 3831 Si
174 3727 368 3872 Sphaera
390 3725 541 3852 solida
563 3809 577 3858 ,
627 3727 675 3828 in
698 3723 855 3830 Fluido
880 3723 1094 3866 uuisormi
1122 3721 1184 3833 δ’
1211 3721 1384 3855 irfiuito
1395 3805 1410 3852 ,
1447 3723 1571 3827 circa
1594 3731 1651 3826 αι’

166 3907 276 3971 uem
290 3867 505 4008 poſstioue
527 3867 685 3968 dutum
718 3865 933 3999 uniformi
970 3902 1070 3965 cum
1104 3891 1225 3965 motu
1259 3865 1545 3990 revolvatur,
1584 3860 1648 3972 ὅ

162 4007 229 4110 ab
250 4009 381 4142 huju
401 4006 595 4148 impulsu
605 4005 699 4128 solo
718 4011 887 4139 agutur
909 4002 1120 4104 Fluidum
1154 4003 1204 4104 iu
1226 4001 1403 4129 orbem3
1431 4009 1650 4142 perseve-

163 4175 242 4250 ret
274 4173 427 4255 autem
459 4155 502 4240 F
501 4143 615 4244 luidi
649 4171 767 4284 pars
819 4177 1100 4278 unaqueque
1130 4139 1417 4274 uniformiter
1446 4141 1497 4242 in
1528 4165 1650 4241 motu

146 4279 242 4416 Juo
254 4323 274 4384 e
306 4285 402 4386 uico
427 4283 555 4421 'quod
566 4311 771 4422 tempora
790 4275 1028 4421 periodica
1039 4279 1253 4419 partium
1270 4275 1424 4380 Fluidi
1443 4306 1577 4381 eruut
1597 4305 1648 4380 ut

163 4423 404 4565 quadrata
435 4422 754 4555 distantiarum
778 4423 984 4520 decurro
1006 4415 1216 4560 Sphaerae.

139 4633 246 4738 Caſs
265 4661 298 4716 1·
324 4629 386 4720 Sit
407 4629 502 4718 AF
511 4627 550 4714 L
582 4625 746 4736 Sphaeru
782 4625 1046 4714 uniformiter
1085 4626 1195 4716 circa
1222 4653 1339 4714 uxern
1365 4625 1407 4712 *S
1428 4625 1470 4714 in
1501 4626 1650 4718 orbem

67 4745 204 4848 atta,
234 4742 281 4832 dt
302 4743 467 4832 circulis
489 4737 768 4832 concentricis
786 4735 836 4935 ξ(
838 4737 886 4934 (Ξ
888 4737 956 4833 M,
987 4735 1078 4826 CH
1083 4735 1153 4837 N,
1183 4737 1343 4842 Dio,
1376 4737 1418 4822 E
1426 4739 1473 4824 K
1478 4741 1532 4932 Pd
1535 4739 1648 4932 1stdonc

649 4893 655 4900 .
912 4876 938 4928 2
1626 4891 1645 4912 ,
