4432 5680
468 385 868 512 'btt'tuctnin
919 387 1478 518 masnnmurtoa.
1686 443 1715 535 9
1793 363 1804 386 ’

172 581 341 668 mansur
375 579 537 668 tt‘t'litu's
555 561 1056 686 relativusc'onservetur,
1076 563 1383 674 conservabitur
1399 575 1544 686 relatio
1565 581 1608 670 in
1628 608 1711 694 qua
1739 611 1913 684 nartali

177 697 317 775 t'notus
334 691 525 777 relativus
544 693 734 782 consistit.
788 694 947 780 Mutari
967 696 1094 808 igitur
1111 695 1244 806 potest
1265 718 1401 782 motus
1421 697 1554 780 omnis
1574 696 1709 780 relati·
1729 713 1896 772 riores,

169 799 341 884 rutubi
361 823 481 884 verus
501 801 782 896 conservatur,
803 803 845 888 t<
864 805 1185 890 conservari'ubi
1206 833 1324 890 verus
1344 822 1548 903 mutatura
1569 802 1712 911 &pro-

158 927 315 1018 pterea
336 929 473 992 motus
492 935 612 1002 vetus
629 919 672 996 ln
687 911 889 1022 ‚eiusmodi
910 912 1176 999 relationibus
1193 916 1361 998 minime
1381 909 1572 997 consistit.
1705 939 1712 970 ¹

163 1021 173 1037 '
226 1013 416 1102 Effeslus
442 1015 593 1128 quibus
619 1040 756 1108 motus
782 1021 1017 1108 absoluti&
1039 1023 1197 1109 relativi
1213 1021 1518 1132 distinguuntur
1538 1019 1588 1104 ab
1607 1017 1713 1104 invi·

159 1149 268 1210 cem
288 1181 303 1220 ,
327 1125 420 1211 sunt
446 1127 553 1212 vires
571 1131 793 1216 recedendi
813 1131 863 1222 ab
883 1157 958 1215 axe
979 1153 1117 1217 motus
1134 1133 1355 1216 circularis.
1406 1131 1512 1214 Nam
1532 1129 1572 1212 io
1593 1143 1712 1211 motu

158 1235 365 1320 circulari
385 1235 497 1320 nude
516 1239 687 1332 relativo
708 1238 770 1322 hae
790 1239 896 1324 vires
917 1243 1038 1324 nullae
1059 1241 1177 1347 sunt,
1201 1241 1244 1324 in
1264 1263 1364 1322 vero
1381 1261 1518 1320 autem
1537 1234 1712 1320 &abso-

161 1343 267 1426 luto
297 1343 472 1454 majores
498 1347 563 1430 vel
583 1347 762 1432 minores
781 1373 856 1454 pro
876 1342 1108 1457 quantitate
1128 1368 1275 1432 motus.
1341 1345 1381 1431 Si
1401 1349 1577 1455 pendeat
1596 1343 1711 1428 situla

162 1479 187 1534 a
210 1449 290 1534 filo
313 1455 547 1566 praelongo,
566 1474 792 1568 agaturque
810 1477 1012 1566 perpetuo
1031 1459 1073 1542 in
1093 1456 1262 1555 orbem,
1281 1460 1416 1540 donec
1437 1454 1550 1538 filum
1570 1479 1590 1533 a
1612 1475 1713 1563 conf

162 1557 594 1650 torsrooeadmodum
614 1565 809 1676 rigescat,
828 1567 924 1650 dein
943 1567 1309 1674 impleaturaqua,
1330 1564 1373 1647 δι
1391 1586 1470 1646 una
1491 1585 1586 1644 curn
1606 1585 1712 1669 aqua

160 1667 381 1860 &iescam
408 1691 499 1759 tutu
519 1671 558 1754 vi
575 1671 710 1782 aliqua
730 1673 933 1761 subitanea
951 1695 1093 1788 agatur
1114 1679 1230 1762 motu
1250 1673 1458 1759 contrario
1478 1673 1519 1754 in
1540 1669 1710 1768 orbem,

169 1867 175 1874 ,
233 1767 310 1860 fiio
326 1777 368 1872 se
386 1781 628 1878 relaxante,
666 1783 820 1866 diutius
837 1781 1062 1891 perseveret
1083 1784 1126 1867 in
1148 1785 1226 1867 hoc
1256 1803 1397 1876 mutua
1427 1777 1654 1886 superficies
1673 1786 1711 1861 a'·

172 1911 275 1996 quae
299 1885 372 1970 sub
400 1887 522 1972 initio
549 1889 666 1996 plana
694 1890 807 1988 erit,
845 1893 1196 1999 quemadmodum
1224 1911 1319 1976 ante
1339 1909 1499 1974 motum
1519 1887 1638 1971 vasis:
1670 1897 1710 1970 at

165 1991 414 2103 postquam,
443 1997 481 2080 vi
501 1998 545 2080 io
563 1995 710 2106 aq'uam
729 1999 922 2105 paulatim
940 1998 1148 2107 impressa,
1168 1997 1305 2084 effecit
1326 2027 1418 2098 vas,
1441 2017 1486 2082 ut
1509 1998 1714 2103 ltaecquo*

166 2128 257 2214 que
290 2101 524 2190 sensibiliter
548 2109 703 2190 revolvi
731 2107 899 2214 incipiat
922 2143 934 2202 ς
973 2111 1141 2192 recedet
1169 2107 1249 2213 ipsa
1277 2109 1469 2215 paulatim
1498 2109 1710 2197 amedioa

161 2211 452 2322 ascendetque
470 2213 521 2295 ad
541 2213 664 2299 latera
684 2214 986 2325 vasrs,figuram
1005 2237 1226 2308 concavam
1244 2215 1443 2310 induens,
1457 2216 1529 2316 (ut
1548 2211 1711 2315 ipseex·

161 2339 319 2430 pertus
335 2319 499 2416 sumi&
514 2321 750 2407 incitatiore
769 2323 926 2430 semper
946 2347 1063 2408 motu
1075 2323 1265 2406 ascendet
1278 2319 1622 2432 ,magisdtmagim
1635 2322 1712 2403 do·-

161 2453 256 2512 nee
287 2431 558 2540 revolutiones
584 2431 626 2516 in
656 2431 879 2542 aequalibus
907 2457 1003 2514 cum
1033 2431 1124 2513 vase
1157 2431 1412 2538 temporibus
1439 2433 1707 2537 peragendo,

159 2533 369 2647 quiescet
394 2538 433 2621 in
462 2541 611 2622 eodem
641 2539 838 2634 relative„
883 2535 1344 2623 indicat'hie'ascensus
1371 2556 1566 2624 conatum
1596 2561 1712 2622 rece-

160 2645 310 2731 dendi
329 2643 377 2728 ab
395 2671 470 2730 axe
493 2668 629 2732 motus
648 2709 658 2744 ‚
698 2645 741 2730 δι
760 2673 833 2754 per
854 2648 975 2731 talem
995 2666 1191 2731 conatum
1210 2645 1485 2732 innotescit&
1505 2644 1712 2728 mensura·

164 2775 244 2838 tor
274 2775 411 2840 motus
446 2781 565 2866 aquae
594 2757 800 2843 circularis
826 2780 945 2842 verus
965 2754 1006 2840 &
1025 2754 1265 2852 absolutus,
1304 2757 1521 2861 mutuique
1538 2755 1711 2837 relativo

164 2863 241 2949 hic
262 2864 436 2948 omniuo
454 2865 695 2957 contrarius.
732 2863 880 2960 lnitio,
912 2865 982 2949 ubi
1002 2867 1201 2949 maximus
1220 2884 1306 2949 erat
1326 2889 1441 2974 aquae
1461 2863 1712 2946 motusrela'·

160 2973 286 3058 tivus
311 2972 493 3070 invase,
532 2993 670 3056 motus
697 2973 764 3058 ille
792 2977 951 3058 nullum
971 2975 1174 3060 excitabat
1194 2991 1390 3058 conatum
1409 2971 1630 3058 recedendi
1658 2970 1711 3054 ab

165 3105 252 3164 axe
274 3103 287 3162 t
323 3104 429 3189 aqua
458 3107 542 3166 non
572 3080 738 3189 petebat
759 3081 1133 3168 circumferentiam
1153 3079 1413 3166 ascendendo
1432 3081 1481 3166 ad
1498 3081 1625 3163 latera
1645 3105 1712 3161 va-

165 3187 222 3274 fis
242 3251 254 3281 ‚
297 3187 365 3272 sed
384 3189 502 3316 plana
527 3191 718 3274 manebat
736 3252 746 3282 ‚
783 3187 826 3272 δι
844 3210 1060 3298 propterea
1088 3213 1225 3276 motus
1243 3191 1349 3275 illius
1369 3188 1573 3273 circularis
1591 3191 1711 3272 veru's

165 3299 367 3384 nondum
385 3315 607 3405 inceperat.
663 3295 806 3382 Postea
824 3324 947 3395 vero,
978 3299 1045 3382 ubi
1063 3325 1181 3407 aquae
1201 3318 1338 3380 morus
1357 3297 1547 3380 relativus
1566 3297 1711 3394 decre·

166 3407 234 3490 vit
255 3464 272 3506 ‚
322 3403 503 3490 asce'nsus
521 3407 608 3516 ejus
635 3409 686 3491 ad
715 3407 839 3490 latera
868 3403 964 3488 vasts
984 3405 1192 3488 indicabat
1209 3423 1404 3488 conatum
1417 3403 1638 3484 recedendi
1657 3401 1709 3483 ab

165 3539 277 3611 oxea
300 3531 437 3624 'atque
457 3515 523 3598 hic
541 3536 713 3600 conatus
735 3509 982 3597 monstrabat
999 3533 1160 3598 motum
1180 3510 1288 3595 illius
1307 3509 1548 3594 circularem
1567 3529 1711 3590 verum

165 3643 383 3732 perpetuo
402 3618 679 3722 crescentem,
714 3645 761 3712 ac
781 3622 946 3707 tandem
967 3621 1188 3709 maximum
1208 3617 1358 3706 sadum
1380 3618 1449 3702 ubi
1470 3641 1575 3724 aqua
1593 3615 1714 3726 quie·

165 3729 316 3816 scebat
345 3730 388 3814 in
419 3731 511 3815 vase
538 3731 716 3824 relative.
772 3729 902 3842 Igitur
929 3751 1099 3819 conatus
1124 3729 1198 3815 iste
1226 3731 1483 3836 nonpendet
1503 3751 1524 3807 a
1546 3723 1712 3809 transsa-

162 3841 295 3926 tione
313 3860 429 3948 aquae
450 3837 630 3950 respes'tu
650 3839 872 3948 corporum
889 3840 1179 3934 ambientium,
1200 3836 1470 3947 &propterea
1488 3833 1711 3917 motuscir-

159 3947 327 4046 colaris
346 3949 464 4032 verus
482 3972 555 4056 per
573 3951 672 4032 tales
692 3945 973 4034 transsationes
991 3947 1152 4034 definiri
1171 3946 1329 4072 nequit.
1361 3946 1525 4028 Unicus
1544 3941 1602 4026 est
1619 3966 1713 4026 cor-

156 4058 289 4170 poris
311 4053 510 4165 cujusque
526 4056 775 4142 revolventis
795 4075 932 4140 motus
950 4083 1047 4146 vete
1066 4055 1472 4147 circulans,conatui
1489 4054 1712 4136 unicota'n·

157 4167 494 4278 quamproprio
513 4163 556 4248 δε
582 4158 799 4272 ad'aequato
819 4162 982 4250 effeslui
1002 4162 1270 4272 respondens:
1302 4185 1438 4246 motus
1457 4181 1593 4246 autem
1613 4159 1714 4242 rela-

157 4277 249 4360 tivi
270 4299 351 4380 pro
365 4272 489 4368 ¹variis
509 4271 774 4358 relationibus
793 4278 844 4357 ad
863 4295 1034 4359 externa
1053 4271 1258 4359 innumeri
1277 4270 1394 4370 sunt;
1416 4269 1710 4354 &relationum

156 4379 324 4475 instar,
352 4379 563 4477 effesssiibus
581 4382 687 4474 veris
716 4383 889 4467 omnino
917 4381 1213 4474 destituuntur,
1249 4377 1322 4464 nisr
1349 4400 1547 4488 quatenus
1565 4397 1711 4460 verum

153 4493 290 4592 illtitn
311 4487 356 4572 dt
374 4489 541 4591 unicum
564 4512 724 4586 motum
742 4492 997 4602 participant.
1035 4489 1176 4576 ‘Unde
1196 4487 1238 4574 dt
1257 4487 1300 4573 in
1322 4487 1544 4600 Systemate
1563 4509 1710 4569 eorum

201 4601 249 4682 ni
267 4596 420 4684 Coelos
447 4597 606 4682 nostros
629 4595 733 4683 infra
753 4598 898 4683 Coelos
916 4595 1108 4684 Fixat'um
1130 4601 1172 4684 in
1192 4595 1337 4684 orbem
1363 4598 1520 4684 revolvi
1537 4597 1708 4690 volunt,

171 4740 173 4742 ·
237 4705 427 4792 Plenet'as
451 4707 591 4820 secum
620 4707 781 4790 deferre
805 4742 815 4798 ;
846 4705 1011 4816 lingulae
1029 4707 1247 4794 Coelorum
1268 4724 1401 4816 partes
1419 4737 1442 4802 ,·
1469 4705 1509 4791 δι
1530 4703 1709 4790 Planetae

145 4813 450 4942 qui-relative
478 4817 651 4925 quidem
675 4818 719 4902 in
749 4811 881 4902 Coelis
908 4815 988 5012 suge
1023 4815 1222 4928 proximis
1248 4817 1504 4925 quiescunt,
1544 4829 1711 4897 moven-

235 4933 285 4984 ..2
1641 4932 1711 4998 tur
