4432 5680
509 398 575 488 -30
816 310 1318 458 nntnosonnrrs
1362 359 1770 456 nnnunnnrs

319 553 508 628 nemore
582 543 703 632 Coros.
725 567 763 624 a.
793 541 848 629 Et
875 543 973 629 hinc
1003 537 1122 628 facile
1148 539 1382 650 colligitur,
1411 542 1526 651 quod
1554 563 1776 646 corporum
1804 537 1949 626 srmiles
1966 535 2071 625 limi·

288 727 293 734 .
315 639 637 742 cerronoufium
665 651 908 764 Figurarum
956 669 1061 762 artes
1079 651 1337 756 temporibus
1354 647 1731 761 proportionalibus
1749 649 2072 738 describentium

528 765 727 862 Errores,
757 763 831 873 qui
849 680 1004 846 viriius
1034 757 1242 871 quibusvis
1261 759 1485 868 aequalibus
1514 760 1566 842 ad
1593 783 1767 867 corpora
1792 757 1974 844 simfliter
2053 799 2074 822 ·
2206 781 2207 792 ¹

525 872 690 987 plicatis
715 891 987 984 generantur.
1015 869 1058 954 dt
1086 867 1372 955 mensurantur
1396 893 1471 980 per
1497 865 1988 978 distantiascotporuma
2040 869 2075 952 i·

528 1007 726 1112 gurarum
760 978 953 1068 similium
989 977 1091 1066 locis
1124 979 1203 1064 illis
1240 981 1293 1064 ad
1321 1004 1415 1088 quae
1443 977 1623 1088 corpori·
1638 979 1788 1088 eadem
1813 976 2074 1088 temporibus

529 1091 674 1180 rrsdem
703 1089 1078 1201 proportionalibus
1105 1087 1259 1198 absque
1286 1087 1440 1174 viribus
1466 1085 1551 1172 illis
1576 1085 1877 1196 pervenirent,
1904 1083 1999 1172 sunt
2024 1105 2073 1174 ut

530 1205 730 1314 quadrata
755 1221 993 1309 temporum
1012 1202 1057 1283 in
1082 1197 1233 1307 quibus
1260 1217 1508 1309 generantur
1526 1219 1652 1308 quam
1678 1197 1880 1303 proxime.

584 1309 711 1394 Caras.
732 1338 767 1392 2.
795 1309 967 1395 Errores
995 1327 1134 1394 autem
1163 1307 1237 1417 qui
1264 1306 1418 1392 viribus
1445 1303 1819 1414 proportionalibus
1846 1305 1898 1388 ad
1926 1301 2074 1392 dmiles

531 1417 775 1530 Figurarum
800 1417 993 1504 similium
1031 1435 1166 1526 partes
1201 1413 1384 1502 similiter
1421 1441 1469 1522 ap
1500 1415 1629 1500 lleatis
1655 1433 1941 1524 generantur,
1979 1413 2075 1504 sunt

530 1549 580 1616 ut
610 1531 716 1614 vires
739 1527 785 1613 δι
812 1529 1011 1636 quadrata
1037 1545 1273 1635 temporum
1301 1442 1567 1632 conjungim.

535 1633 918 1748 &Comgrldem
944 1635 1260 1745 intelligendum
1288 1631 1348 1718 est
1372 1631 1588 1741 despatiis
1617 1631 1827 1746 quibusvis
1852 1656 1948 1741 quaa
1982 1657 2078 1720 cor·

531 1770 636 1872 pora
662 1743 906 1858 urgentibus
926 1742 1091 1832 dirersis
1108 1742 1263 1828 uiribus
1280 1741 1525 1828 describunt.
1566 1739 1677 1826 Haec
1692 1743 1811 1840 sont,
1832 1740 1920 1852 ipso
1937 1763 2077 1830 motus

533 1858 659 1941 unitio
676 1873 693 1954 ‘3
710 1874 769 1941 ut
788 1856 894 1940 eires
915 1854 955 1940 ἀ
975 1857 1173 1964 quadrata
1193 1869 1428 1962 temporum
1448 1849 1715 1962 conjunffim.

515 2071 519 2078 ⁵
588 1965 711 2048 Coros.
728 1968 778 2068 'sq
801 1962 986 2072 ideoque
1001 1963 1107 2048 vires
1134 1960 1228 2046 sunt'
1256 1980 1302 2045 ut
1331 1959 1454 2069 spatia
1491 2017 1505 2057 ‚
1554 1956 1639 2068 ipso
1669 1977 1808 2045 motus
1827 1957 1973 2058 initio,
2004 1963 2078 2049 de.

530 2073 681 2180 scripta
708 2065 862 2158 dirisle
890 2069 933 2156 &
962 2069 1159 2179 quadrata
1186 2088 1422 2178 temporum
1448 2067 1618 2152 inverse.

532 2183 712 2377 &Coros
732 2205 769 2308 5.
800 2176 1082 2374 Etsquadrata
1106 2198 1343 2289 temporum
1368 2175 1459 2264 sunt
1486 2200 1533 2262 ut
1560 2173 1763 2290 descripta
1779 2174 1903 2288 spatia
1921 2176 2077 2270 diredle

605 2317 709 2379 utres
734 2315 934 2377 iuvere„
971 2336 981 2348 =
1219 2357 1224 2364 .
1954 2329 1961 2344 ·

1016 2507 1127 2562 x
1183 2400 1394 2597 {schanan

1059 2583 1077 2617 r

585 2640 630 2729 Si
660 2639 913 2834 quantitates
941 2639 1271 2743 indeterminatas
1299 2640 1555 2730 diversorum
1614 2667 1784 2732 enerum
1811 2647 2081 2740 conserantur

533 2749 646 2838 inter
692 2777 749 2848 e,
786 2747 831 2832 dc
858 2775 999 2834 earum
1026 2751 1160 2860 aliqua
1183 2749 1349 2836 dicatur
1376 2749 1456 2836 else
1484 2773 1530 2836 ut
1558 2669 1616 2836 ei
1635 2752 1709 2838 alia
1741 2759 1898 2864 quaevis
1923 2760 2080 2848 diresie

534 2861 599 2946 vel
635 2855 823 2944 inverse:
870 2856 1006 2943 sensus
1034 2857 1126 2955 est,
1162 2863 1296 2968 ·'quod
1325 2861 1438 2970 prior
1465 2883 1642 2974 augetur
1669 2863 1732 2948 vel
1763 2865 2006 2955 diminuitur
2033 2871 2081 2958 in

532 2969 681 3054 eadem
710 2965 870 3051 ratione
898 2992 996 3050 cum
1022 2963 1279 3076 posteriore,
1313 2971 1377 3056 vel
1413 2993 1509 3055 cum
1536 2979 1625 3076 ejus
1653 2971 1881 3080 reciproca.
1965 2977 2018 3064 Et
2047 2975 2080 3066 si

534 3100 675 3162 earum
703 3076 840 3186 aliqua
864 3075 1026 3161 dicatur
1053 3073 1132 3160 esse
1160 3096 1207 3162 ut
1233 3077 1327 3162 sunt
1353 3077 1441 3163 aliae
1470 3081 1564 3164 duae
1592 3079 1660 3166 vel
1687 3077 1824 3190 plures
1841 3083 1994 3172 diresie
2012 3087 2080 3174 vel

533 3183 716 3282 inversos
747 3179 987 3279 lensensis,
1025 3187 1143 3294 quod
1168 3183 1297 3296 prima
1324 3209 1499 3300 augetur
1525 3189 1591 3272 vel
1618 3187 1820 3276 minuitur
1846 3195 1889 3280 in
1917 3200 2079 3282 ratione

534 3319 629 3406 quae
647 3294 913 3404 componitur
931 3319 984 3380 ex
1002 3293 1230 3380 rationibus
1247 3296 1290 3381 in
1305 3296 1460 3490 ¹quibus
1479 3299 1567 3382 aliae
1587 3299 1652 3382 vel
1672 3297 1842 3386 aliarum
1852 3305 2079 3416 reclprocae

534 3423 738 3598 augentur
765 3403 828 3487 vel
854 3402 1156 3492 diminuuntur.
1221 3405 1296 3489 Ut,
1320 3434 1334 3491 ι
1363 3408 1404 3492 A
1430 3406 1590 3492 dicatur
1616 3403 1696 3491 else
1724 3423 1770 3492 ut
1797 3405 1833 3498 B
1858 3411 2012 3501 diredie
2032 3414 2080 3499 dc

533 3511 572 3600 C
618 3511 744 3596 iresie
763 3509 806 3594 δι
824 3511 867 3594 D
885 3512 1071 3596 inversor
1091 3511 1228 3598 sensus
1251 3511 1331 3610 est,
1361 3517 1478 3626 quod
1498 3523 1534 3602 A
1562 3534 1736 3626 augetur
1749 3517 1815 3603 vel
1833 3521 2080 3609 diminuitur

530 3739 577 3824 in
598 3733 741 3818 eadem
758 3731 919 3817 rarione
937 3755 1035 3818 eum
1052 3733 1089 3818 Β
1108 3735 1196 3824 ><C
1209 3645 1347 3836 >011
1366 3737 1447 3828 hoc
1468 3740 1673 3854 est,quod
1689 3742 1731 3828 A
1754 3741 1797 3830 dc
1826 3627 2003 3845 1³ligium
2023 3755 2082 3847 ad

534 3862 716 3950 invicem
740 3863 786 3950 in
808 3861 969 3949 ratione
983 3865 1092 3952 data.
1520 3916 1524 3925 ·

1047 4003 1580 4161 LEMMnxt

531 4213 751 4348 Subtrnsn
772 4227 1032 4342 evanescens
1053 4219 1209 4358 anguli
1229 4222 1474 4352 cantassent,
1514 4225 1564 4328 in
1585 4227 1733 4328 curvis
1753 4221 1950 4326 omnibns
1973 4225 2083 4324 cnr-⁸

602 4355 818 4458 naturam
828 4353 1021 4512 finitam
1042 4355 1112 4458 ad
1121 4361 1343 4511 pnnslnnr
1364 4361 1586 4477 cantasset
1609 4363 1900 4490 habentibus,
1927 4361 1985 4503 est
2005 4359 2082 4460 ul-

603 4497 709 4595 timo
736 4497 786 4599 in
812 4522 985 4596 retrone
1005 4495 1239 4636 duplrcata
1251 4495 1478 4626 firbtensae'
1493 4501 1624 4604 a'rcns
1649 4500 1926 4604 comermr'nr'.
2005 4526 2010 4538 '

588 4679 682 4788 Caſs
695 4709 730 4766 r.
761 4677 803 4766 st
822 4701 939 4766 arcus
954 4673 1024 4760 ille
1043 4673 1091 4756 A
1102 4675 1158 4774 B,
1188 4696 1356 4872 tangens
1374 4678 1465 4786 ejus
1484 4673 1602 4772 AD,
1614 4668 1801 4760 subtensa
1820 4673 1957 4785 anguli
1976 4697 2084 4802 con·
2206 4759 2207 4768 Ν

533 4791 665 4878 radius
678 4792 729 4876 ad
749 4805 987 4902 tangentum
1005 4787 1258 4894 perpendtcu
1276 4814 1354 4872 arrs
1373 4787 1488 4883 BD,
1499 4778 1689 4872 subtensa
1706 4781 1932 4873 arcusAB.
1958 4781 2087 4870 Hero

531 4898 731 4996 subtense
749 4900 843 4988 AB
861 4899 905 4990 δι
927 4893 1116 5010 tangenti
1134 4893 1234 4982 Aa)
1253 4894 1612 5054 perpendieulares
1633 4895 1843 5004 erigantur
1853 4889 2090 5091 Λῗᾶῃξηῖζ
