4394 5688
421 387 772 486 utrumme
826 392 1392 495 mutunus-mot.
1476 319 1480 326 ’
1589 413 1668 529 ’179

123 569 346 662 densiorem
365 567 505 658 versus
524 591 740 672 centrum,
759 571 825 660 vel
842 571 1054 662 subdudlae
1071 577 1309 690 relinquant
1329 579 1590 684 tenuiorem,
1621 585 1666 673 δι
1706 583 1850 668 ιἰιιέ

128 687 187 772 bae
201 687 220 794 (
228 707 299 792 per
319 681 444 790 Prop.
466 692 617 796 cxxv.)
633 683 798 770 trahent
816 681 1000 794 spnaeras
1018 685 1113 776 alias
1131 707 1410 800 quotcunque
1428 697 1661 781 concentti·
1687 674 1864 754 Patara

126 791 391 881 cassrmilares
418 789 538 892 GH,
572 792 597 875 I
606 791 650 876 K
656 848 670 890 ,
695 791 823 893 LM,
842 792 922 882 &c
972 795 1140 904 singola
1161 795 1216 884 liu
1251 799 1362 898 ulas,
1392 801 1549 888 viribus
1567 807 1670 893 reci·

15 959 16 972 n
122 931 241 1018 proce
258 903 637 1012 proportionalibus
655 906 859 1014 quadrato
877 903 1077 992 distantiae
1100 907 1197 993 SP.
1221 822 1585 1018 {tcomponendo
1604 918 1672 1004 vel

120 1016 367 1112 dividendo,
389 1011 546 1098 summa
565 1014 714 1098 virium
733 1015 895 1100 illarum
916 1016 1130 1116 omnium,
1151 1018 1216 1102 vel
1236 1015 1421 1104 excelsus
1440 1021 1671 1132 aliquarum

122 1126 233 1234 supra
252 1124 351 1210 alias
369 1178 383 1220 ‚
422 1121 504 1208 boc
521 1121 605 1218 est,
629 1123 687 1209 vis
714 1149 816 1234 ques
834 1122 999 1233 Sphaera
1020 1143 1111 1211 tota
1138 1153 1191 1212 ex
1208 1129 1488 1216 conceutticis
1507 1134 1672 1242 quibus-

123 1259 285 1346 cunque
315 1236 379 1318 vel
406 1235 765 1318 concentricarum
784 1231 1030 1322 differentiis
1049 1233 1273 1346 composita
1293 1236 1388 1319 AB
1406 1294 1421 1334 ,
1449 1237 1584 1326 'trahit
1605 1263 1671 1328 to·

123 1367 205 1432 tam
230 1369 285 1430 ex
312 1343 592 1430 concentricis
612 1343 929 1454 quibuscunque
958 1344 1401 1434 vel'concentricarum
1425 1346 1671 1439 differentiis

124 1451 384 1568 compositam
405 1452 521 1551 GH,
534 1454 612 1538 etit
633 1456 676 1539 in
697 1456 842 1538 eadem
861 1455 1033 1540 ratione.
1084 1463 1297 1567 Augeatur
1313 1481 1513 1544 uumerus
1532 1459 1670 1570 Spbae·

125 1589 252 1650 rarum
272 1563 635 1664 concentricarum
663 1565 705 1648 in
732 1563 939 1650 inlinitum
965 1561 1051 1660 lic,
1099 1585 1147 1650 ut
1167 1563 1351 1652 materie
1379 1563 1556 1654 densitas
1584 1597 1669 1658 una

123 1701 210 1760 cum
230 1674 270 1758 vi
291 1671 500 1758 attrasliva
517 1677 585 1770 ‚in
598 1671 808 1785 progressu
830 1701 852 1759 t
873 1673 1209 1760 circumferentia
1228 1679 1279 1760 ud
1290 1694 1482 1762 centrum
1499 1677 1671 1778 ,secun-

123 1789 216 1874 dum
236 1783 401 1896 Legem
426 1809 720 1896 quamcunque
739 1782 895 1870 crescat
916 1786 981 1870 rel
1002 1783 1234 1872 decrescat:
1257 1782 1325 1884 &‚
1345 1784 1483 1872 addita
1501 1791 1670 1878 materia

125 3221 205 3284 non
222 3193 463 3292 attrasliva,
485 3195 741 3306 compleatur
759 3195 893 3280 ubivis
919 3193 1093 3281 densitas
1121 3195 1351 3298 deficiens,
1392 3223 1446 3282 eo
1466 3213 1511 3283 ut
1530 3195 1667 3308 Sphae·

124 3335 177 3392 rae
194 3309 409 3419 acquirant
438 3303 611 3392 sormam
643 3305 829 3415 quamvis
857 3325 1066 3415 optaturus
1103 3307 1146 3391 δι
1161 3309 1220 3391 vis
1239 3333 1322 3418 qua
1343 3307 1488 3392 harum
1507 3331 1587 3392 una
1607 3327 1666 3414 at,-

124 3417 252 3504 tttbet
272 3419 442 3502 alteram
463 3418 540 3506 erit
561 3417 789 3502 etiamnum
802 3417 825 3526 (
835 3439 908 3524 per
924 3435 1215 3524 argumentum
1232 3413 1440 3524 superius)
1459 3413 1502 3498 in
1520 3417 1667 3503 eadent

127 3529 191 3612 illa
206 3527 405 3613 distantiae
425 3531 629 3654 quadrata
649 3528 808 3611 ratione
830 3521 1001 3610 inversa.
1041 3521 1094 3640 ‚⁶2
1107 3525 1157 3610 E.
1168 3523 1232 3606 D.
1652 3605 1655 3614 ,

185 3635 300 3720 Coros.
325 3665 357 3722 1.
396 3639 510 3724 thc
531 3635 778 3746 liejusmodi
797 3635 974 3746 Sphaetae
993 3635 1228 3746 complures
1248 3691 1263 3733 ,
1300 3631 1369 3720 fibi
1391 3627 1572 3720 invicem
1590 3657 1665 3744 pet

129 3750 260 3836 omnia
279 3747 449 3847 similes,
478 3746 516 3832 se
535 3767 685 3831 mutuo
703 3745 889 3842 trahant'r
918 3739 1182 3832 attrasiiones
1201 3745 1511 3832 acceleratrices
1530 3740 1667 3854 singu.⁴

127 3861 251 3945 larum
272 3859 314 3944 in
346 3855 516 3968 singulas
549 3879 698 3953 erunt,
743 3864 786 3942 in
820 3855 1047 3969 aequalibus
1074 3853 1286 3969 quibusvis
1330 3873 1573 3942 centrotum
1604 3852 1668 3960 dig

128 3967 301 4062 llantiis,
340 3989 386 4052 ut
415 3969 592 4078 Sphaerae
621 3965 886 4051 attrahentes.

177 4080 298 4166 Coros·
314 4109 353 4161 2.
384 4081 518 4188 inque·
534 4074 732 4162 distantiis
751 4071 954 4186 quibusvis
977 4069 1519 4186 inaequalibus,utSphaerae
1538 4079 1667 4184 attrei

128 4189 266 4278 luentes
287 4187 498 4300 applicato
517 4191 567 4272 ad
588 4187 786 4296 quadrata
803 4181 1083 4270 distantiarum
1100 4185 1208 4271 intra
1224 4199 1380 4270 centra.
1571 4195 1577 4208 '

177 4299 298 4387 Coros.
320 4329 354 4398 3·
383 4295 662 4385 Attrasiiones
680 4320 782 4379 vero
802 4295 1024 4391 motrices,
1050 4293 1122 4380 seu
1198 4293 1325 4380 ndera
1342 4291 1600 4404 Sphaerarum
1619 4292 1666 4384 in

127 4409 304 4522 Sphaeras
324 4429 480 4509 erunt,
510 4409 554 4492 in
574 4405 799 4516 aequalibus
817 4423 1060 4490 centrotum
1079 4320 1310 4503 diffinis,
1339 4421 1386 4489 ut
1407 4402 1582 4510 Sphaerae
1600 4419 1664 4486 at·

126 4526 328 4610 trahentes
346 4519 388 4605 &
406 4514 586 4606 atttaslae
616 4513 894 4622 coniuntlim,
923 4516 968 4602 id
988 4513 1078 4612 est,
1114 4534 1162 4600 ut
1180 4531 1379 4602 contenta
1396 4509 1470 4602 sub
1489 4509 1668 4622 Sphaeris

126 4621 827 4744 permultiplicationemprodusla.
1231 4719 1233 4724 ,

179 4744 297 4830 Coros.
325 4770 365 4849 4.
391 4737 519 4850 loque
538 4735 736 4822 distantiis
753 4731 1025 4845 inaequalibus
1045 4795 1058 4836 ,
1094 4753 1142 4826 ut
1161 4753 1360 4828 contenta
1379 4733 1446 4824 illa
1464 4731 1667 4850 applicata

125 4853 175 4944 ad
190 4855 386 4970 quadrata
403 4849 684 4939 distantiarum
703 4845 812 4934 inter
835 4863 991 4934 centra.
1200 4947 1205 4956 ,

547 4965 551 4972 ’
821 4951 862 5043 Ζ
888 4983 913 5038 a
1539 4941 1664 5034 corat.
