4394 5688
547 363 628 476 5176
835 353 1328 450 PHILOSOPHIAE
1374 351 1786 446 NATURALIS

323 563 385 636 na
406 560 525 634 Moru
542 537 667 627 verse.
723 533 804 622 Sed
823 507 1211 644 particulae‘snntut
1230 529 1421 640 Sphorm
1448 529 1530 614 hoc
1548 527 1640 628 est,
1669 525 1891 616 iuratione
1908 525 2089 638 triplico?

315 645 522 717 eoaaoaoa
543 672 584 736 ta
602 646 925 744 diametrdrum,
950 645 992 729 &
1017 641 1208 728 distantiat
1226 643 1318 727 sunt
1336 660 1384 726 ut
1404 638 1618 738 diametri,
1641 640 1677 720 u
1697 639 1803 723 ratio
1821 639 1935 748 prior
1954 639 2089 728 direc-
2189 683 2190 714 ι

540 779 583 846 te
603 783 683 842 nna
701 781 796 842 cum
811 755 977 839 ratione
996 751 1220 863 posteriore
1241 753 1299 836 bis
1321 747 1485 838 inverse
1513 745 1571 834 est
1601 748 1706 835 ratio
1717 749 1913 834 diametri
1931 753 1983 838 ad
2004 753 2090 840 dia-
2189 765 2190 776 '

384 887 392 902 '
540 891 721 956 metrum
786 859 996 978 Qum.

591 977 719 1060 'Corui
746 1005 778 1060 1.
807 973 925 1060 Hinc
946 971 974 1058 sr
994 971 1235 1080 corpuscula
1256 969 1299 1055 in
1319 966 1526 1063 Circeiis,
1555 967 1663 1052 circa
1683 965 1867 1071 sphaeras
1886 993 1940 1054 ex
1960 992 2091 1056 mate·

537 1089 597 1174 ria
622 1085 834 1194 aequaliter
856 1079 1065 1167 attraciiva
1082 1079 1340 1176 constantes,
1371 1079 1661 1174 revolvantur;
1704 1072 1867 1186 fiotque
1884 1077 2087 1166 distantiae

535 1225 558 1282 a
580 1197 734 1280 centris
751 1192 1008 1302 Sphaerarum
1028 1190 1357 1299 proportionales
1375 1188 1598 1273 earundem
1620 1189 1850 1272 diametris:
1876 1185 2092 1300 Tempora

534 1306 743 1419 periodica
772 1321 895 1390 erunt
919 1301 1101 1410 aequalia.

593 1416 717 1500 Curul.
742 1445 779 1498 2.
808 1411 862 1498 Et
875 1411 972 1494 uice
993 1409 1102 1493 versa
1126 1463 1139 1504 ‚
1172 1407 1205 1492 fi
1224 1406 1437 1518 Tempora
1457 1405 1665 1516 periodica
1685 1405 1779 1492 suot
1801 1409 1998 1517 aequaiiaa
2029 1411 2088 1496 di·

401 1591 404 1600 .
533 1523 832 1716 stantiaepernnr
853 1517 1420 1629 proportionalesdiametrit.
1470 1513 2087 1628 -Constanoaacnuopeffio

534 1635 693 1727 roias
731 1659 778 1715 ro
810 1655 891 1714 .1v.
1707 1701 1711 1708 .

591 1739 716 1826 Corui,
775 1659 851 1823 .pSi
872 1739 921 1822 ad
943 1735 1180 1826 Solidorum
1209 1737 1388 1822 duorum
1410 1736 1651 1844 quorumvis
1678 1733 1865 1821 srmssium
1887 1735 1930 1822 δι
1949 1763 2084 1850 mqua-

450 1889 456 1896 ·
530 1851 626 1940 iicet
646 1767 875 1938 deuictum
896 1849 1044 1957 pundia
1065 1845 1216 1960 sanguia
1246 1847 1418 1930 tendant
1439 1844 1545 1928 vires
1567 1847 1745 1954 aequaiet
1763 1847 2007 1957 centripetae
2018 1853 2087 1934 de·

529 1960 764 2047 crescentes
791 1960 835 2044 in
851 1959 908 2042 du
939 1960 1056 2042 licata
1077 1963 1238 2044 ratione
1258 1950 1539 2040 distantiarum
1564 1983 1583 2038 a
1605 1951 1781 2062 ponciis:
1805 1956 1912 2041 vires
1965 1959 2087 2046 uibus

529 2070 798 2180 corpuscula,
828 2068 879 2151 ad
902 1987 1040 2153 golida
1060 2068 1126 2153 illa
1144 2071 1231 2153 duo
1250 2063 1431 2150 srmiliter
1451 2060 1547 2161 srta,
1570 2065 1828 2151 attrahentur
1853 2065 1905 2150 ab
1915 1983 2085 2167 iidem,

532 2200 656 2270 crunt
676 2181 727 2264 ad
747 2177 928 2264 invicem
947 2198 994 2262 ut
1014 2177 1206 2264 diametri
1227 2175 1479 2262 Solidorum.

621 2357 1051 2448 anorosrmo
1096 2318 1756 2447 nxx111.'rrruonnara
1793 2359 1987 2450 xxxnr.

529 2507 582 2612 Sr'
615 2503 683 2608 ud
704 2501 742 2606 S
731 2503 902 2644 phaerae
927 2503 1113 2628 alicujus
1133 2503 1249 2604 datu
1266 2505 1439 2642 pundo
1460 2501 1540 2634 fin
1539 2505 1651 2635 gula
1672 2505 1862 2614 tundant
1880 2507 2085 2644 -aequules

533 2731 540 2744 .
593 2643 715 2747 tu'res
749 2642 1005 2780 ceutra'prtae
1031 2641 1325 2763 decrescentes
1358 2645 1408 2740 iu
1441 2641 1679 2779 duplicata
1712 2645 1890 2745 ratione
1912 2646 2084 2774 disiun-

595 2782 768 2883 tr'arum
792 2818 823 2878 u
841 2778 1047 2929 pauidis:
1082 2778 1177 2878 dicu
1202 2779 1328 2916 quod
1342 2781 1645 2917 corpusculum
1671 2781 1795 2881 iutra
1830 2780 1870 2885 S
1859 2785 2085 2926 pharam

591 2919 868 3186 cossuutum
903 2917 1160 3020 attrahitur
1199 2917 1249 3020 vr‘
1261 3068 1267 3078 ι
1271 2919 1608 3062 proportionali
1644 2918 1862 3051 distuutr'ae
1885 2925 1983 3058 suae
2017 2923 2082 3024 ab

459 3121 462 3133 ·
586 3095 612 3156 r
660 3095 728 3156 rus
743 3082 912 3158 ,ceutru

574 3283 623 3372 in
643 3285 808 3395 Spiraera
827 3287 921 3371 AB
931 3285 1048 3385 CD,
1083 3307 1231 3374 centro
1250 3285 1519 3398 'Sdescripta‚

517 3393 682 3482 iocetur
701 3397 997 3503 corpusculum
1019 3402 1077 3494 Pr
1091 3397 1134 3484 ἃ
1154 3418 1302 3485 centro
1313 3401 1463 3485 eodem
1473 3398 1518 3498 S,

516 3505 736 3591 intervallo
757 3505 790 3588 S
796 3505 1046 3616 P,concipe
1058 3507 1264 3615 Sphaeram
1284 3515 1526 3595 interiorem

518 3613 617 3700 PE
627 3610 912 3736 QFdescribi.
939 3615 1206 3702 Manifestum
1226 3613 1381 3725 est‚pet
1394 3618 1515 3724 Prop.

470 3793 475 3804 .
513 3749 612 3808 cxx.
625 3724 737 3834 quod
749 3717 966 3828 Sphaer'icae
983 3723 1217 3832 superficies
1236 3730 1516 3812 comentrico

515 3857 570 3918 err
597 3833 750 3941 quibus
768 3829 1028 3941 Sphaerarum
1048 3831 1278 3920 differentia
1302 3835 1350 3917 A
1368 3835 1411 3918 E
1426 3835 1467 3918 B
1484 3834 1525 3920 F

514 3945 808 4050 componitur,
821 3941 1129 4029 attrastionibus
1148 3970 1222 4053 per
1241 3946 1502 4033 attractiones

514 4054 739 4138 contrarias
767 4049 1012 4148 demodis,
1050 4051 1107 4139 nii
1135 4075 1262 4165 agunt
1289 4055 1332 4139 in
1360 4081 1510 4162 corpus

513 4159 568 4246 P.
597 4159 738 4248 Restat
767 4162 851 4248 sola
878 4161 1067 4248 attractio
1095 4163 1272 4271 Sphaerae
1301 4164 1509 4252 interioris

511 4269 610 4354 PE
617 4267 716 4392 Ψ.
744 4267 799 4356 Et
817 4295 891 4379 per
914 4273 1171 4379 Propcrrxrr.
1197 4275 1284 4360 iraec
1305 4271 1362 4360 est
1385 4293 1429 4360 ut
1449 4274 1509 4360 di·

511 4377 654 4467 stantia
675 4379 769 4487 Pu.
820 4379 945 4502 μ.
963 4381 1025 4472 D.

1157 4577 1358 4665 dudulim

561 4759 807 4871 Superficies
842 4791 896 4852 ex
915 4765 1067 4875 quibus
1083 4769 1209 4858 solida
1230 4791 1577 4880 componuntur,
1617 4769 1686 4860 hic
1714 4797 1800 4860 non
1827 4771 1924 4862 sunt
1953 4802 2065 4886 pure

506 4867 852 4978 Mathematicae,
890 4875 962 4964 sed
990 4877 1125 5018 Orbes
1141 4885 1248 4970 adeo
1262 4903 1415 4972 tenues
1436 4903 1482 4972 ut
1511 4905 1657 4972 eorum
1678 4881 1903 4974 craiiitudo
1931 4887 2066 5088 iffi:
