4432 5680
527 345 586 466 'tt
827 347 1331 444 untuosoutttm
1382 351 1804 444 Nauunauts·

315 527 508 620 ornain
529 551 677 638 corpus
694 527 872 616 alterum
888 527 951 624 T,
981 549 1104 616 erunt
1121 553 1224 614 areae
1252 529 1336 616 iltae.
1360 528 1616 639 temporibus
1643 535 1957 641 quamproxime
1974 550 2072 642 pro·

319 625 796 753 Qasrwporrionates.

528 767 553 828 .·
583 749 707 834 Coros.
735 780 772 850 4.
808 745 852 832 Si
871 771 1020 856 corpus
1048 745 1088 829 L
1114 749 1230 833 radio
1259 751 1310 834 ad
1336 750 1507 834 alterum
1535 771 1686 858 corpus
1709 746 1752 832 T
1770 745 1895 834 dudo
1921 747 2077 836 descri-

527 861 590 956 bit
617 884 728 946 areas
746 883 865 965 quae,
895 883 991 942 cum
1011 857 1267 968 temporibus
1293 857 1475 950 collata,
1495 857 1591 942 sunt
1610 858 1729 942 valde
1747 857 1991 982 inaequalese
2024 859 2070 948 &

525 995 679 1077 corpus
698 968 797 1052 illud
824 967 998 1050 alterum
1020 963 1060 1048 T
1079 968 1143 1051 vel
1163 963 1337 1076 quiescit
1358 969 1423 1052 vel
1441 987 1635 1054 movetur
1652 965 1915 1052 uniformiter
1934 967 1978 1052 in
2008 968 2073 1052 di·

525 1081 707 1165 testum:
745 1073 851 1160 assio
878 1077 938 1160 vis
963 1077 1205 1184 centripetae
1223 1078 1273 1161 ad
1293 1101 1442 1188 corpus
1464 1076 1566 1160 illud
1591 1077 1766 1160 alterurn
1784 1075 2070 1176 Tlendeutis,

523 1191 594 1274 -ves
613 1187 722 1272 nulla
741 1184 824 1282 est,
844 1186 907 1270 vel
933 1182 1126 1270 miscetur
1145 1183 1188 1269 δι
1207 1185 1473 1295 componitur
1490 1210 1587 1269 cum
1608 1180 1836 1270 ustionibus
1846 1185 2071 1269 admodum

525 1295 768 1404 potentibus
785 1294 952 1378 aliarum
971 1295 1139 1378 virium:
1169 1291 1329 1404 Visque
1349 1312 1435 1378 tota
1456 1321 1509 1378 ex
1527 1293 1742 1392 omnibus,
1775 1289 1801 1378 fi
1822 1296 1959 1401 plures
1976 1293 2071 1378 sunt

526 1405 658 1504 vires,
690 1403 943 1509 composita,
982 1401 1160 1487 adalind
1192 1401 1309 1506 (srve
1328 1403 1540 1488 immobile
1568 1401 1649 1486 srve
1668 1402 1850 1506 mobile)
1879 1419 2071 1487 centrum

526 1514 732 1623 dirigitur.
767 1511 880 1596 Idem
899 1511 1061 1595 obtinet
1081 1569 1093 1608 ‚
1125 1510 1196 1594 ubi
1216 1537 1366 1623 corpus
1387 1513 1564 1598 alterum·
1578 1533 1695 1596 motu
1714 1532 2073 1622 quocunquemo³

527 1641 650 1707 vetur
670 1655 682 1716 ς
710 1618 889 1706 sr'modo
907 1625 965 1705 ris
983 1621 1212 1725 centripeta
1230 1619 1412 1708 sumatur
1432 1680 1446 1718 ‚
1477 1645 1571 1730 quae
1591 1619 1712 1706 ressat
1728 1619 1817 1732 post
1835 1617 2070 1706 subduslio·

527 1729 704 1836 nemtis
723 1729 849 1817 totius
869 1729 912 1814 in
931 1755 1077 1839 corpus
1094 1727 1196 1845 illud
1216 1729 1392 1816 alterum
1410 1725 1633 1841 Tagentis.

1157 1960 1358 2046 scholium.

520 2157 530 2174 ’
580 2135 793 2250 Quoniam
821 2133 1030 2244 aequabilis
1058 2159 1244 2226 arearum
1272 2128 1652 2243 descriptio-Index
1673 2128 1732 2216 est
1750 2128 1922 2228 Centri,
1953 2133 2071 2240 quod

519 2248 589 2352 uis
611 2247 682 2349 ,itta
710 2244 872 2354 respicit
933 2271 983 2328 ua
1003 2269 1154 2346 corpus
1174 2243 1351 2329 maxime
1372 2238 1584 2338 afficitur,
1617 2264 1780 2350 quaque
1799 2238 2020 2326 retrahitur
2047 2270 2072 2332 a

525 2368 646 2438 motu
674 2351 885 2437 restilineo
902 2271 947 2437 ἓ(
966 2354 1008 2438 in
1027 2349 1162 2439 orbita
1180 2351 1248 2437 sua
1267 2351 1496 2435 retinetur:
1526 2351 1673 2459 quidni
1693 2349 1932 2459 usurpemus
1949 2351 1993 2434 in
2010 2349 2075 2435 se·

527 2458 753 2570 quentibus
783 2460 1028 2571 aequabilem
1055 2487 1241 2546 arearum
1259 2459 1577 2566 descriptionem
1601 2517 1614 2556 ,
1654 2478 1701 2542 ut
1719 2457 1902 2546 indicem
1923 2457 2071 2545 Centri

522 2571 687 2654 circum
704 2572 818 2680 quod
839 2588 975 2654 motus
995 2570 1127 2654 omnis
1145 2567 1353 2656 circularis
1372 2568 1416 2652 in
1434 2567 1568 2676 spatiis
1588 2565 1723 2653 liberis
1743 2569 1976 2680 peragitur?

520 2837 525 2846 .
667 2723 1172 2866 ¹uttouostrto
1208 2761 1292 2863 tv.
1324 2762 1780 2899 Tnnouunta
1824 2761 1921 2864 tv.

525 2986 771 3124 Corporum
795 3061 809 3107 ‚
848 3017 945 3118 quae
978 2977 1169 3102 diverfhr
1196 2977 1377 3078 circulos
1402 2977 1615 3114 aequabili
1639 3005 1759 3081 motu
1781 2973 2070 3104 describunt,

597 3123 718 3223 vires
744 3119 1011 3257 centripetar
1035 3118 1103 3217 ad
1129 3145 1284 3218 centra
1308 3115 1544 3218 eorundem
1567 3119 1830 3219 circulorum
1858 3115 2040 3217 tendere
2052 3169 2069 3244 3

595 3257 658 3366 ἐφ’
680 3257 766 3392 affe
795 3258 914 3358 inter
924 3265 979 3380 se
991 3336 1004 3382 ,
1030 3283 1079 3356 ut
1089 3257 1199 3390 sunt
1233 3292 1419 3356 arcuum
1434 3255 1583 3389 stmul
1608 3256 1927 3396 descrsptorum
1950 3291 2072 3394 qua·

514 3489 520 3500 .
594 3398 733 3501 drata
754 3395 988 3535 applicata
1011 3394 1078 3494 ad
1097 3393 1362 3496 circulorum
1386 3393 1547 3496 radios.

576 3595 783 3682 Tendunt
802 3594 864 3676 bae
893 3597 999 3680 vires
1027 3597 1077 3677 ad
1097 3617 1239 3678 centra
1266 3595 1516 3680 circulorum
1535 3623 1608 3704 per
1626 3594 1749 3705 Prop.
1778 3621 1837 3678 rr.
1860 3593 1902 3679 sla
1921 3593 2068 3682 Cotol.

527 3729 588 3792 rr.
611 3709 730 3812 Prop.
753 3729 769 3783 ι
787 3736 797 3798 t
819 3700 861 3785 dr
878 3697 971 3787 sunt
990 3703 1099 3784 inter
1119 3701 1159 3786 se
1179 3723 1224 3786 ut
1245 3727 1413 3786 arcuum
1435 3705 1659 3813 equalibus
1679 3705 1933 3815 temporibus
1973 3729 2069 3790 uam

523 3813 704 3900 minimis
721 3809 1019 3919 descriptorum
1041 3807 1147 3894 finus
1168 3810 1270 3896 versr
1290 3839 1361 3918 per
1380 3811 1521 3897 Coros.
1541 3813 1746 3922 rv.'Prop.
1774 3843 1810 3910 ις
1831 3731 2002 3909 hocca,
2017 3837 2069 3898 ut

524 3923 722 4032 quadrata
750 3945 920 4007 arcuum
940 3923 1168 4006 eorundem
1196 3925 1245 4008 ad
1268 3923 1489 4007 diametros
1508 3922 1760 4008 circulorum
1777 3923 1975 4032 applicata
1992 3947 2071 4030 per

522 4029 646 4118 Lem.
677 4058 772 4115 vu:
804 4029 846 4115 δι
864 4047 1117 4140 propterea,
1156 4055 1251 4114 cum
1281 4029 1322 4116 bi
1340 4057 1458 4115 arcus
1485 4029 1561 4116 srnt
1589 4051 1635 4114 ut
1663 4057 1780 4116 arcus
1810 4030 2068 4142 temporibus

522 4137 734 4252 quibusvis
763 4140 987 4249 aequalibus
1005 4138 1228 4246 descripti,
1255 4138 1298 4224 &
1317 4139 1507 4224 diametri
1525 4138 1602 4226 srnt
1620 4159 1667 4225 ut
1685 4164 1829 4225 eorum
1855 4141 1979 4236 radii;
2009 4141 2072 4228 vi·

522 4275 588 4336 res
608 4266 728 4336 erunt
748 4266 795 4331 ut
815 4273 983 4333 arcuum
1004 4249 1245 4358 quorumvis
1263 4248 1380 4334 fimus
1398 4247 1697 4360 descriptorum
1722 4251 1920 4363 quadrata
1939 4251 2066 4360 appli-

522 4379 613 4444 cata
632 4361 684 4444 ad
701 4357 836 4443 radios
856 4357 1118 4444 circulorum.
1153 4357 1207 4475 Q
1225 4357 1274 4440 E.
1293 4356 1356 4442 D.

577 4465 699 4550 Coros.
724 4493 756 4551 ι.
782 4463 909 4576 Igitur
930 4525 943 4566 ,
981 4492 1079 4551 cum
1096 4493 1211 4550 arcus
1230 4466 1287 4551 illi
1306 4465 1380 4552 srnt
1401 4487 1448 4552 ut
1468 4469 1708 4556 velocitates
1727 4493 1975 4580 corporum,
2006 4471 2072 4554 vi-

520 4601 587 4664 res
622 4575 861 4686 centripetae
899 4577 992 4662 sunt
1030 4595 1075 4661 ut
1119 4576 1386 4663 velocitatum
1407 4579 1603 4688 quadrata
1629 4577 1824 4690 applicata
1850 4585 1901 4664 ad
1927 4577 2071 4666 radios

504 4684 793 4772 circulorum:
823 4684 904 4770 boc
923 4682 1010 4777 est,
1040 4704 1087 4768 ut
1112 4711 1208 4772 cum
1228 4685 1469 4774 Geometris
1486 4689 1663 4798 loquar,
1695 4689 1801 4774 vires
1820 4688 1914 4774 sunt
1936 4690 1980 4772 in
2001 4715 2074 4775 ra·

520 4797 636 4882 tione
664 4790 885 4902 composita
905 4821 957 4880 ex
976 4794 1181 4900 duplicata
1199 4797 1361 4886 ratione
1377 4797 1644 4886 velocitatum
1664 4795 1819 4886 diresle
1838 4799 1889 4886 dr·
1901 4799 2072 4886 ratione

521 4903 690 5020 simplici
707 4907 915 4992 radiorum
934 4903 1116 5016 inverse„

1939 5011 2076 5104 Coros.
