4432 5680
542 363 594 470 tt
832 333 1802 468 ruinosoetttmtuarunnure'

334 533 672 630 Attountmutat
701 515 847 603 statum
864 516 982 604 suum
1003 556 1015 618 ;
1051 517 1094 604 st
1112 517 1404 628 reliquorum,
1434 514 1680 642 quibuscum
1698 513 1804 600 aetio
1820 514 1888 602 illa
1905 540 1992 603 non
2010 515 2071 602 i'u·

381 643 495 700 ΜΕ·
538 628 738 724 tercedit,
760 637 997 735 ,commune
1010 624 1225 738 ¹gravitatis
1245 649 1436 712 centrum
1457 624 1556 712 nihil
1574 624 1671 708 inde
1690 625 1868 730 petitura
1885 623 2079 710 distantia

531 747 672 822 autem
697 727 846 821 horum
875 739 1054 820 duorum
1082 755 1323 824 centrorum
1348 735 1548 822 diuiditur
1568 761 1591 818 a
1608 731 1820 820 communi
1844 757 2075 844 corporum

533 843 722 928 omnium
750 863 899 928 centro
926 845 971 930 iu
991 865 1125 952 partes
1142 843 1303 930 summis
1322 845 1517 932 totalibus
1535 868 1759 949 corporum
1778 867 1960 953 quotum
1974 841 2073 930 sunt

534 972 677 1036 centra
704 953 918 1060 reciproce
942 953 1269 1061 proportionales
1290 1012 1306 1049 ,
1341 953 1532 1063 adeoque
1549 951 1703 1055 centris
1723 950 1801 1036 iliis
1822 941 2074 1058 duobus'sta·

534 1082 624 1150 tum
644 1059 761 1145 suum
783 1061 976 1144 movendi
993 1064 1056 1146 vei
1076 1061 1313 1170 quiescendi
1333 1059 1608 1150 servantibus.
1634 1063 1857 1144 commune
1885 1053 2079 1145 omniunt

534 1189 725 1254 centrum
754 1169 885 1252 servat
914 1170 1036 1279 etiam
1067 1169 1211 1260 statum
1231 1171 1370 1256 suum:
1401 1166 1735 1272 manifestumest
1753 1171 1869 1278 quod
1888 1190 2075 1251 commu·

536 1303 591 1363 ne
617 1276 719 1363 illud
747 1275 932 1362 omnium
952 1300 1148 1364 centrum
1169 1279 1227 1364 ob.
1255 1277 1434 1364 adiiones
1450 1278 1645 1368 binorum
1658 1285 1889 1385 corporum
1908 1278 2015 1377 inter
2032 1274 2083 1359 se

408 1439 410 1446 ,
538 1410 753 1494 nunquam
774 1406 905 1470 mutat
926 1385 1072 1471 statum
1090 1387 1205 1472 suum
1224 1391 1362 1496 quoad
1382 1406 1544 1472 mutum
1565 1385 1608 1470 dr
1627 1387 1831 1498 quietem
1853 1392 1901 1470 in
1920 1384 1988 1470 tali
2009 1409 2079 1468 au-

538 1515 624 1578 tern
644 1492 857 1602 systemate
876 1491 1054 1578 ustiones
1072 1521 1217 1580 omnes
1235 1520 1458 1602 corporum
1476 1491 1584 1580 inter
1604 1493 1644 1578 se
1666 1495 1731 1578 vel
1751 1491 2078 1604 iute'rbinasunt

539 1629 735 1709 corpora,
764 1605 827 1686 vel
847 1602 897 1685 ab
918 1601 1144 1687 ustionibus
1163 1607 1272 1704 inter
1291 1604 1385 1688 bina
1403 1601 1663 1712 composite,
1682 1603 1720 1688 dt
1737 1619 2079 1712 proptereacorn-

536 1711 655 1796 muni
686 1711 872 1796 omnium
902 1733 1049 1795 centro
1078 1715 1349 1797 mutationem
1377 1713 1417 1796 in
1440 1711 1546 1796 siatu
1572 1719 1821 1821 morus'ejus
1841 1711 2088 1820 veiquietic

537 1843 755 1926 uunquam
783 1819 1002 1904 inducunt.
1056 1821 1198 1932 Quare
1225 1847 1325 1906 cum
1350 1842 1540 1905 centmm
1570 1819 1673 1906 illud
1707 1820 1778 1902 ubi
1797 1841 1970 1925 corpora
1992 1843 2084 1902 non

535 1950 668 2038 agunt
697 1928 740 2010 in
770 1927 1007 2014 seinvicem
1028 1987 1040 2026 ,
1072 1932 1136 2017 vel
1157 1929 1360 2038 quiescit,
1389 1932 1459 2015 vei·
1475 1929 1517 2014 in
1537 1928 1644 2012 resia
1663 1928 1801 2036 'aliqua
1816 1952 1891 2038 pro
1923 1931 2083 2012 reditur

540 2033 805 2119 uniformiter
826 2070 837 2129 ;
875 2055 1019 2146 perget
1041 2038 1150 2122 idem
1172 2096 1186 2135 ,
1226 2065 1310 2122 non
1330 2038 1583 2122 obstantibus
1603 2061 1825 2144 corporum
1853 2064 1874 2119 a
1917 2038 2091 2120 ionibus.

540 2144 651 2228 inter
669 2141 741 2240 se,
767 2146 832 2227 vel
850 2142 1009 2253 semper
1027 2147 1260 2254 quiescere,
1287 2147 1353 2230 vel
1369 2146 1527 2254 semper
1547 2145 1740 2254 progredi
1759 2143 2020 2230 uuisormiter
2038 2147 2086 2229 itt

468 2351 472 2362 ¹
541 2248 742 2344 diresium
760 2287 777 2348 r
807 2250 878 2347 nist
895 2281 916 2335 a
937 2253 1088 2338 viribus
1104 2255 1149 2338 in
1167 2253 1330 2366 systema
1348 2255 1601 2340 extrinsecus
1619 2251 1814 2361 impreffis
1834 2254 2088 2337 deturbetur

468 2364 473 2374 '
539 2359 704 2443 dehoc
733 2358 847 2442 statu·
904 2359 973 2447 Est
992 2361 1120 2470 igitur
1146 2362 1367 2473 systematis
1385 2389 1609 2468 corporum
1629 2363 1806 2467 plurium
1827 2361 1920 2456 Lex
1935 2364 2091 2446 eadem

543 2491 637 2576 quae
655 2468 839 2572 corporis
856 2466 1019 2552 soiitarii
1035 2479 1192 2575 ‚quoad
1211 2471 1549 2580 perseverantiam
1569 2475 1611 2554 in
1630 2469 1882 2555 statumotus
1894 2472 2086 2580 resquie-

538 2577 607 2660 tis.
642 2571 791 2659 Motus
807 2575 918 2658 enim
937 2574 1209 2686 progreffivus
1227 2577 1300 2660 seu
1316 2583 1502 2684 corporis
1512 2579 1677 2662 solitarii
1687 2579 1756 2662 seu
1765 2576 1985 2690 systematis
1993 2604 2090 2663 cor-

542 2685 692 2800 porum
711 2707 764 2768 ex
783 2703 905 2774 mutu
930 2684 1064 2768 centri
1091 2685 1299 2792 grauitatis
1320 2683 1503 2771 aestimari
1524 2685 1683 2796 semper
1698 2687 1839 2774 debet.

996 2821 1536 2918 C'OROLLARIUM
1589 2831 1643 2922 V.

549 2939 792 3076 Corporum
816 2934 919 3036 dato
940 2939 1092 3076 spatio
1123 2937 1390 3062 inclusorum
1419 2941 1557 3042 iidem
1576 2950 1687 3068 stant
1708 2950 1849 3046 motus·
1876 2945 2095 3078 interst,

599 3073 921 3211 stvespcttr'um
942 3075 1062 3175 illud
1077 3078 1301 3210 quiescas,
1323 3078 1428 3210 srve
1451 3109 1682 3186 moveatur,
1705 3082 1829 3187 idem
1849 3072 2091 3223 uniformi-

544 3247 553 3256 ·
613 3239 686 3312 ter
706 3211 754 3310 in
775 3207 994 3314 diremtum
1018 3211 1188 3350 absque·
1206 3241 1334 3318 motu·
1349 3217 1576 3321 circulari,
1705 3282 1710 3296 ·
1776 3221 1823 3296 ἶ·
1887 3225 1891 3232 ’
1934 3221 1939 3228 ’

603 3383 709 3512 Nam
727 3381 964 3475 differentia
983 3407 1174 3472 motuum
1193 3391 1454 3476 tendentium
1474 3393 1524 3474 ad
1544 3395 1723 3479 eandem·
1737 3391 2104 3504 partem,&sum2

544 3518 629 3578 rnae
647 3495 909 3578 tendentium
930 3500 980 3580 ad
1000 3498 1223 3584 contrarias
1234 3503 1415 3596 „eaedetn
1435 3501 2099 3612 suntsubinitioinutroquecasu.

548 3603 628 3702 (ex
647 3599 886 3722 hypothesi)
899 3601 938 3682 ἃ
960 3627 1014 3684 ex
1033 3602 1092 3687 his
1103 3603 1338 3688 summisvel
1349 3603 1791 3696 differentiisoriuntur
1800 3609 2091 3722 congressus&

550 3703 887 3814 impetusqurbus
897 3732 1065 3813 corpora
1076 3710 1116 3795 se
1128 3732 1274 3796 mutuo
1284 3711 1450 3799 feriunt.
1469 3713 1582 3824 Ergo
1592 3745 1664 3826 per
1675 3721 1836 3830 Legem
1854 3749 1897 3806 rr
1914 3723 2094 3831 aequales

552 3835 674 3898 erunt
694 3809 981 3922 congressuum
1001 3813 1169 3903 effessius
1187 3819 1229 3902 in
1250 3841 1430 3930 utroque
1448 3822 1564 3924 casua
1586 3827 1627 3910 dt
1635 3852 1855 3938 propterea
1866 3827 2094 3914 manebunt

553 3921 2102 4120 motusiuterseinunucrsuaequalesmotibusmterstinasteroidemcom

552 4030 751 4228 figebatur
768 4033 1053 4139 experimento
1070 4038 1167 4120 lucu
1184 4059 1297 4122 ento.
1333 4035 1479 4124 Motus
1496 4067 1639 4128 omues
1659 4051 1807 4130 eodem
1828 4050 1955 4130 modo
1972 4043 2098 4130 seha·

605 4159 654 4226 nt
670 4139 852 4238 inNavi,
872 4139 953 4234 five
962 4169 1008 4228 ea
1019 4143 1200 4254 quiescat
1213 4204 1225 4242 ,
1240 4142 1319 4230 srve
1330 4168 1541 4236 moveatur
1551 4151 1814 4240 uniformiter
1822 4150 2091 4240 indiresium.

1030 4287 1565 4380 COROLLARIUM
1612 4294 1692 4384 Vs.

555 4393 608 4498 Sr'
631 4423 823 4534 corpora·
842 4425 1104 4500 moveantur
1128 4401 1510 4542 quomodocunque
1536 4405 1656 4505 inter
1665 4413 1720 4530 se
1732 4483 1746 4532 ‚
1782 4406 1846 4516 Θ·
1871 4445 1902 4508 a
1920 4401 2098 4507 uiribus

627 4532 1009 4636 acceleratrt'cibur
1041 4535 1283 4672 equalibus
1299 4541 1547 4656 secundum
1576 4544 1716 4644 lineas
1737 4544 1991 4683 parallelas
2011 4579 2097 4638 ur·

620 4697 849 4800 genetur,
870 4668 1062 4807 pergent
1082 4674 1231 4776 omnia
1251 4677 1400 4778 eodem
1422 4679 1546 4780 modo
1569 4681 1740 4784 moveri
1761 4684 1880 4784 iuter
1889 4691 1946 4806 se
1969 4759 1986 4810 ‚
2038 4713 2096 4778 uc

611 4805 666 4936 st
683 4801 852 4904 viribus
874 4805 963 4906 illis
987 4809 1075 4910 uria
1097 4811 1232 4943 effen!
1254 4812 1459 4918 incitata.

614 4977 721 5108 Nam
740 4975 844 5070 vires
862 4976 940 5064 ille
960 4981 1169 5088 equaliter
1185 4983 1290 5096 (pro
1309 4979 1606 5101 quantitatibus
1623 4987 1925 5078 movendorum
1943 5001 2100 5176 unffi

1972 5115 1993 5174 t
