4454 5660
411 521 457 581 Do

409 601 464 664 Su
506 615 575 660 un

505 239 508 246 a

410 283 482 323 ”
603 347 693 462 4⁶,
843 325 1353 432 auruosorrun
1384 268 1814 426 urrunnnrs

477 519 589 580 Munus

465 612 503 658 rr

662 461 912 572 Congruunt
929 456 1053 572 igitur
1076 449 1391 544 Observationes
1413 447 1736 552 asseranica,
1761 471 1848 540 tam
1865 449 2087 546 meraseNr·

577 581 747 662 rombrr'
770 601 894 712 uuam
924 565 1318 770 ωεῃίὼᾳεὲοιιατιιοῐ
1335 552 1621 682 sequentibus,
1634 557 1883 661 'cummotu
1897 568 2086 663 Cometa

605 693 765 782 circum
783 689 922 776 bolem
938 679 983 776 in
998 677 1130 800 ¹Traje
1198 683 1256 772 ria
1269 671 1403 792 ''bacoe
1421 668 1683 802 Parabdlica‚
1706 700 1823 800 atque
1843 681 1952 770 adeo
1963 712 2099 782 unum¹

604 805 651 896 dt
671 803 852 894 eundern
871 799 1093 904 Cometam
1102 789 1245 900 fuisse,
1267 795 1340 913 qui
1351 797 1489 887 mense
1499 797 1710 884 Nouembri
1718 797 1773 886 ad
1782 793 1914 888 Solem
1923 799 2086 892 descen-

493 964 498 970 ·
605 921 694 1019 dit,
727 917 771 1005 δι
792 913 995 1006 menfibus
1012 911 1277 1032 sequentibus¹
1296 909 1346 1030 ab
1371 911 1522 1000 eodem
1540 907 1757 1012 ascerum,
1773 909 1930 1000 abunde
1941 917 2082 1006 confir.

589 1027 743 1136 mant,
767 1052 815 1117 ut
834 1031 876 1120 δι
896 1029 1006 1118 hunc
1026 1025 1247 1116 Comatam
1265 1028 1311 1114 iu
1330 1023 1584 1138 Trajostoria
1602 1025 2081 1118 hacceParaboiicadela·

518 1189 523 1208 ·
605 1167 696 1238 tum
730 1145 846 1236 nurse
889 1145 1214 1260 quamproxime.
1273 1137 1484 1236 Mensrbus
1524 1141 1745 1234 Decembri.
1789 1145 1999 1252 Jaauario,
2029 1145 2085 1230 st.

603 1263 757 1360 bruto
779 1259 824 1348 dc
847 1262 1011 1346 Martio.
1041 1253 1448 1362 ubiObservationes
1467 1251 1585 1364 hujus
1604 1252 1792 1344 Cometae
1813 1253 1908 1340 suut
1926 1255 2087 1344 sutisac·

607 1395 785 1474 curatae,
821 1386 1057 1486 congruunt
1077 1371 1235 1478 eaedem
1256 1397 1353 1456 cum
1362 1366 2092 1480 motuejusinhacTrajesioria,non

611 1491 747 1586 minus
767 1505 956 1580 accurate
975 1513 1099 1603 quam
1120 1483 1422 1573 observationes
1435 1483 1697 1572 Planetarum
1716 1507 1949 1595 congruere
1965 1486 2091 1574 solent

611 1629 875 1692 cumeorum
894 1599 1102 1686 Theoriis.
1161 1595 1308 1686 Mense
1332 1603 1565 1696 Novembri,
1589 1597 1660 1684 ubi
1677 1596 1980 1686 observationes
2000 1603 2089 1689 sunt

569 1773 574 1780 -
612 1714 773 1815 crassae,
798 1739 959 1804 errores
986 1740 1072 1800 non
1089 1713 1182 1800 sunt
1207 1709 1379 1822 maiores
1399 1719 1524 1829 quam
1543 1712 1614 1828 qui
1635 1707 1888 1800 crassitudini
1906 1713 2091 1804 observa-

615 1833 776 1932 tionum
796 1829 1035 1936 tribuantur.
1091 1821 1344 1944 Trajedoria
1363 1821 1553 1914 Cometae
1573 1826 1633 1912 bis
1643 1825 1770 1912 secuit
1780 1827 1946 1941 planum
1956 1827 2088 1946 Eclip

614 1945 728 2046 ticae,
757 1945 800 2030 dr
827 1963 1044 2057 propterea
1062 1969 1148 2028 non
1164 1939 1242 2033 fuit
1261 1932 1478 2048 redilinea,
1533 1937 1774 2054 Eclipticam
1797 1942 1926 2038 secuit
1947 1949 2090 2032 nonin

577 2085 581 2100 ’
610 2057 807 2194 oppositis
841 2058 939 2144 coeii
972 2049 1182 2170 partibus,
1199 2055 1269 2142 sed
1298 2055 1442 2144 influe
1466 2051 1647 2168 Virginis
1671 2053 1933 2170 &principio
1953 2057 2092 2173 Capri-

611 2199 752 2274 coma,
775 2172 988 2261 intervallo
1017 2171 1217 2282 graduum
1251 2175 1304 2276 98
1330 2169 1518 2266 circiter;
1546 2169 1616 2256 ide
1675 2199 1727 2256 ue
1742 2168 1881 2256 cursus
1899 2171 2089 2262 Cornetae

611 2289 833 2402 plurimum
863 2279 1158 2373 dessedebatur
1175 2315 1198 2372 a
1227 2281 1397 2372 Circulo
1416 2282 1606 2372 maximo.
1707 2313 1772 2370 am
1792 2282 1835 2368 δε
1855 2289 1994 2375 mense
2015 2295 2091 2376 No-

609 2405 759 2488 vembri
786 2402 923 2489 cursus
952 2399 1036 2518 ejus
1052 2400 1180 2488 tribus
1200 2399 1339 2487 saltem
1359 2397 1550 2511 gradibus
1568 2397 1617 2484 ab
1635 2393 1837 2512 Ecliptica
1855 2399 1898 2490 in
1919 2401 2091 2492 austrum

610 2515 863 2614 declinabat,
890 2514 934 2600 dc
961 2511 1110 2627 postea.
1138 2515 1275 2630 mense
1305 2511 1498 2598 Decembri
1528 2511 1718 2624 gradibus
1750 2543 1799 2612 ao
1829 2517 2023 2628 vergebat
2043 2521 2090 2604 ab

610 2625 810 2745 Ecliptica
839 2632 883 2740 in
911 2627 1259 2741 septentrionem,
1296 2624 1475 2740 'partibus
1501 2625 1655 2712 duabus
1687 2627 1847 2716 Orbitae
1875 2632 1919 2716 in
1948 2633 2090 2748 quibus

609 2742 789 2851 Cometa
815 2741 1010 2832 tendebat
1043 2744 1086 2829 in
1106 2741 1244 2829 Solem
1264 2741 1307 2827 de
1328 2741 1486 2828 redibat
1505 2772 1528 2827 a
1548 2739 1664 2840 Sole,
1691 2744 1840 2858 angulo
1870 2769 2085 2858 apparente

609 2857 813 2968 graduum
842 2857 932 2968 plus
962 2855 1129 2965 triginta
1161 2854 1210 2940 ab
1236 2857 1414 2941 invicem
1442 2854 1760 2958 declinantibus,
1785 2877 1831 2944 ut
1860 2859 2084 2946 observarit

607 2973 866 3059 Montenarus.
916 2964 1118 3078 Pergebat
1139 2967 1207 3052 hic
1228 2967 1405 3054 Cometa
1422 2995 1495 3080 per
1516 2968 1624 3079 srgna
1643 2971 1729 3058 fere
1748 2997 1917 3070 novem,
1941 3003 1961 3056 a
1985 2973 2080 3058 Vir-

606 3084 711 3196 ginis
730 3083 882 3172 scilicet
903 3079 1152 3168 duodecimo
1172 3081 1301 3192 gradu
1319 3081 1370 3170 ad
1390 3083 1637 3197 principium
1657 3083 1949 3184 Geminorum,
1973 3111 2082 3198 prae-

608 3217 673 3286 ter
693 3195 849 3310 fignum
869 3193 1025 3282 Leonis
1043 3223 1117 3310 per
1136 3197 1250 3312 quod
1270 3195 1465 3312 pergebat
1483 3203 1701 3314 antequam
1720 3199 1853 3286 videri
1862 3201 2015 3314 coepit:
2042 3199 2086 3286 dc

605 3313 807 3412 nullaalia
834 3329 946 3398 extat
963 3308 1171 3408 Theoria,
1197 3339 1278 3430 qua
1291 3309 1473 3438 'Cometa
1494 3332 1645 3398 tantam
1665 3313 1779 3400 Coeli
1795 3335 1952 3426 partem
1970 3335 2088 3401 motu

420 3461 426 3478 1
604 3429 780 3540 regulari
810 3443 1035 3540 percurrat.
1091 3423 1238 3510 Motus
1265 3451 1350 3534 ejus
1372 3421 1447 3512 suit
1466 3429 1642 3514 maxime
1667 3429 1927 3546 inaequabilis.
1979 3429 2088 3516 Nam

604 3541 714 3628 circa
734 3541 847 3628 diem
868 3536 1104 3651 vigesimum
1118 3541 1360 3638 Novembrrs,
1389 3539 1596 3653 descripsit
1616 3545 1765 3653 gradus
1785 3543 1951 3632 circiter
1969 3545 2089 3660 quin·

601 3681 685 3770 que
722 3652 882 3764 ungulis
909 3651 1078 3750 diebus;
1105 3652 1204 3739 dein
1231 3672 1349 3740 motu
1377 3655 1583 3740 retardato
1614 3657 1721 3744 inter
1750 3657 1932 3743 Novemb.
1969 3665 2021 3744 as
2048 3657 2091 3746 u

600 3770 771 3854 Decemb.
806 3794 875 3865 12,
900 3767 1027 3880 spatio
1052 3767 1205 3854 scilicet
1231 3767 1394 3854 dicrum
1419 3769 1658 3884 quindecim
1686 3799 1782 3859 cum
1807 3771 1993 3874 semisse,
2016 3773 2089 3862 de·

599 3879 766 3994 seripsrt·
782 3881 929 3993 gradus
960 3897 1118 3966 tantum
1139 3909 1221 3986 403
1251 3877 1390 3991 postea
1407 3907 1509 3970 vero
1530 3903 1648 3970 motu
1665 3888 1817 3974 iterum
1838 3891 2092 3986 accelerato,

600 3991 809 4109 descripsrt
838 3993 985 4108 gradus
1012 3989 1100 4084 fere
1130 3997 1316 4108 quinque
1348 3994 1508 4110 smgulis
1527 3997 1689 4086 diebus.
1717 4019 1938 4118 antequam
1955 4023 2092 4090 motus

600 4109 751 4200 iterum
780 4109 979 4196 retardari
1010 4107 1154 4222 coepit.
1209 4105 1266 4195 Et
1284 4109 1469 4198 Theoria
1482 4139 1581 4228 quae
1598 4117 1734 4202 motui
1751 4135 1835 4202 tam
1853 4115 2092 4236 inaequabili

600 4222 908 4338 permaximam
927 4223 1025 4309 coeli
1045 4241 1201 4336 partem
1229 4224 1359 4336 probe
1376 4225 1619 4341 respondet,
1643 4257 1819 4348 quaeque
1838 4231 2091 4320 easdemob·

600 4337 731 4426 servat
745 4342 859 4452 *leges
877 4365 973 4424 cum
991 4335 1174 4424 Theoria
1195 4337 1476 4440 Planetanrm‚
1503 4340 1546 4425 dr
1566 4369 1663 4430 cum
1682 4345 1879 4430 accuratis
1901 4347 2093 4438 observa-

602 4451 780 4552 tionibus
792 4449 1085 4540 Astronomicis
1107 4471 1295 4536 accurate
1317 4457 1531 4566 congruit,
1557 4485 1641 4544 non
1651 4455 1786 4568 potest
1794 4487 1878 4544 non
1889 4459 1977 4548 effe
1988 4491 2096 4548 vera.

598 4563 776 4691 Cometa
811 4588 947 4654 tamen
983 4563 1056 4652 sed>
1081 4563 1207 4654 finem
1234 4587 1369 4652 motus
1395 4569 1584 4660 deviabat
1614 4575 1908 4690 aliquantulum
1940 4575 2099 4664 abbae

598 4673 852 4786 Trajcdoria
873 4679 1106 4768 Parabolica
1126 4681 1260 4768 versus
1281 4710 1399 4768 axem
1411 4683 1639 4788 Parabolae,
1663 4707 1710 4776 ut
1720 4715 1774 4776 ex
1793 4690 2012 4776 erroribus
2024 4691 2100 4778 mi·

596 4792 689 4880 nuti
725 4793 844 4882 unius
876 4793 1000 4906 primi
1037 4794 1269 4881 duorumve
1295 4798 1338 4886 iu
1366 4796 1624 4888 latitudinem
1649 4801 1787 4890 mense
1812 4801 2033 4892 ranam
2060 4805 2101 4890 dr

582 4913 762 5002 wintro
782 4905 1581 5026 conspirantibus,colligerevideorr81
1599 4915 2014 5121 proptereainOrliire
2034 4915 2100 5008 Es·

1983 5057 2099 5152 poco
