4368 5672
504 336 561 446 5⁶
604 416 624 453 ‚
737 331 1301 466 pannosorum:
1336 331 1742 436 uaronmas

296 533 483 612 nemora
503 522 627 608 latera
656 517 774 612 retu
801 525 1037 632 principalia
1063 521 1168 609 sunt·
1184 521 1354 632 aeqdrlia
1372 505 1404 618 ‚¹
1430 522 1629 606 velocitas
1661 517 1851 629 corporis
1875 515 1938 604 est
1979 539 2045 604 rc·

298 623 673 740 coll⁰¹‘Ul‘ciproce
701 653 747 716 ut
774 633 1114 737 perpendiculum
1143 629 1356 718 demillum
1377 629 1429 714 ab
1449 629 1649 714 umbilico
1666 632 1719 715 ad
1739 650 1806 714 tan
1837 649 1990 714 entem.

563 738 684 822 Corol.
707 743 743 824 6.
769 739 815 824 ln
845 740 1074 838 Parabola,
1114 739 1308 824 uelocitas
1346 736 1404 822 est
1430 739 1643 844 reciproce
1687 741 1732 822 in
1766 654 2047 846 suiduplicata

506 846 670 930 ratione
705 845 903 931 distantiae
943 849 1129 955 corporis
1168 845 1218 933 ab
1257 845 1456 930 umbilico
1491 845 1658 954 figurae
1685 843 1730 928 in
1756 842 1893 950 Ellipli
1919 844 2051 953 magis

508 961 710 1051 variatur,
738 957 782 1039 in
811 953 1054 1066 Hyperbola
1082 956 1242 1053 minus,
1272 978 1396 1063 quam
1424 953 1466 1036 in
1491 953 1567 1036 hac
1598 953 1769 1037 ratione.
1805 951 2048 1060 ,Nem(pet

508 1060 651 1164 Cprol.
670 1097 708 1144 2.
729 1063 848 1146 Lem.
868 1061 981 1169 xrv.)
1011 1063 1348 1172 perpendiculum
1375 1058 1588 1160 demillum
1607 1060 1657 1143 ab
1674 1059 1872 1144 umbilico
1890 1063 1940 1143 ad
1960 1079 2050 1144 tan·

399 1211 409 1228 ·
509 1187 679 1360 gentem
701 1171 902 1254 Parabola
928 1169 986 1254 est
1014 1173 1056 1254 in
1085 1167 1366 1278 subduplicata
1390 1169 1553 1252 'ratione
1581 1165 1790 1252 distantiae.
1817 1166 1864 1253 ln
1885 1163 2051 1278 Hyper-

540 1278 605 1361 ola
633 1279 973 1387 perpendiculum
1001 1281 1136 1364 minus
1162 1279 1363 1374 variatur,
1388 1277 1436 1361 in
1465 1273 1603 1382 Ellipli
1631 1276 1769 1386 magis.
1903 1333 1908 1343 -

566 1387 690 1468 Corol.
713 1411 749 1492 7.
774 1385 820 1469 ln
848 1384 1044 1470 Parabola
1074 1386 1270 1486 velocitas
1297 1383 1483 1490 corporis
1511 1385 1562 1467 ad
1591 1383 1778 1492 quamvis
1804 1381 1856 1466 ab
1884 1381 2052 1468 umbili-

510 1518 565 1577 co
590 1492 843 1590 distantiam,
873 1491 931 1575 est
959 1497 1009 1586 ad
1038 1494 1301 1576 velocitatem
1329 1490 1515 1596 corporis
1539 1493 1788 1581 revolventis
1816 1490 1860 1575 in
1879 1489 2053 1575 Circulo

510 1603 563 1682 ad
591 1605 762 1686 eandem
789 1625 811 1683 a
839 1620 986 1684 centro
1015 1600 1243 1686 distantiam
1265 1656 1289 1695 ,A
1325 1598 1677 1707 in'subduplicata
1702 1590 1862 1716 ripione
1888 1603 2053 1683 numeri

509 1706 657 1796 ⁴binarii
693 1713 742 1793 ad
772 1709 971 1797 unitatem
982 1731 1007 1805 ’.ς
1052 1709 1096 1792 in
1121 1701 1273 1818 Ellipfi
1310 1707 1446 1808 minor
1461 1705 1555 1803 cst,
1583 1709 1627 1790 in
1655 1703 1897 1817 Hyperbola
1923 1706 2053 1816 major

511 1840 638 1924 quam
663 1817 707 1900 in
733 1817 809 1901 hac
836 1818 1007 1902 ratione.
1053 1817 1157 1902 Nam
1185 1841 1258 1921 per
1277 1813 1397 1921 hujus
1415 1813 1695 1901 Corollariutn
1708 1811 1960 1912 lecundum,
1984 1839 2054 1898 ve-

512 1925 657 2010 locitas
682 1925 729 2008 'in
759 1925 913 2010 vertice
942 1921 1149 2008 Parabolae
1177 1922 1235 2008 est
1264 1923 1308 2006 in
1337 1921 1411 2006 hac
1439 1923 1636 2022 ratione,
1666 1921 1709 2006 dr
1732 1948 1804 2029 per
1823 1921 2055 2008 Corollaria

512 2033 626 2119 sexta
655 2031 774 2140 hujus
794 2033 836 2118 dc
866 2031 1160 2142 Propofitionis
1176 2051 1360 2141 quartae,
1380 2029 1573 2148 irruatur
1601 2033 1754 2143 eadem¹
1772 2029 1988 2139 proportio
2008 2031 2056 2118 in

514 2140 708 2226 omnibus
749 2139 955 2253 distantiis.
1020 2136 1150 2246 Hip(
1171 2139 1252 2224 etia
1322 2138 1366 2223 in
1385 2138 1579 2225 Parabole
1598 2139 1792 2223 velocitas
1822 2138 1982 2246 ubique
2008 2167 2059 2222 a·

547 2247 645 2333 ualis
674 2247 733 2332 est
750 2250 961 2335 velocitati
980 2249 1164 2356 corporis
1182 2163 1432 2368 reviiiventis
1448 2249 1494 2330 in
1512 2243 1684 2340 Circulo
1697 2248 1753 2331 ”ad
1775 2245 1985 2332 dimidiam
1994 2249 2060 2332 di·

513 2275 726 2454 iamiam,
753 2357 797 2440 in
820 2349 1112 2470 Ellipli'minor
1128 2353 1214 2455 eii,
1242 2353 1551 2552 inQperbola
1571 2355 1713 2464 major.

572 2463 696 2546 Corol.
729 2462 764 2548 8.
790 2461 1021 2548 Velocius*
1076 2467 1202 2560 rantis
1220 2465 1263 2547 in
1382 2465 1478 2548 ione
1496 2471 1638 2572 quevis
1660 2461 1820 2548 Conica
1838 2460 1897 2548 est
1917 2464 1969 2548 ed
1987 2487 2060 2548 ve·

515 2571 729 2658 locitatem
783 2571 939 2680 yrantis
966 2571 1010 2654 in
1069 2573 1263 2656 irc'illnio
1281 2565 1486 2654 -dillentl'a'
1497 2571 1656 2655 dimidii
1675 2569 1810 2654 lateris
1832 2568 1929 2656 redii
1948 2571 2060 2679 prin·

518 2679 658 2790 cipalis
674 2675 732 2764 se
755 2677 879 2762 *iouis
898 2735 913 2776 ,
940 2695 990 2762 ut
1008 2677 1193 2763 distantia
1212 2677 1278 2762 illa
1297 2680 1348 2761 ad
1366 2678 1704 2787 perpendiculum
1724 2677 1775 2762 ab
1795 2679 1996 2764 umbilico
2014 2681 2060 2766 in

518 2805 587 2880 tan
619 2805 758 2872 entem
777 2783 977 2872 Seclionis
994 2785 1218 2875 demillurn.
1274 2785 1401 2870 Patet
1464 2785 1782 2885 rCorollarium
1798 2789 2004 2911 quintum.

608 2895 698 2978 orel.
722 2925 760 3000 9.
790 2893 913 2979 Unde
930 2919 1024 2980 cum
1068 2900 1086 3003 (
1105 2921 1179 3003 per
1197 2890 1339 3002 Corol.
1360 2903 1397 2980 6.
1411 2811 1535 3003 i'iop.
1552 2903 1650 3002 rvr)
1687 2895 1883 2980 velocitas
1908 2921 2061 3006 gyran-

520 2999 574 3086 tis
598 3002 643 3087 in
667 2999 751 3086 hoc
779 2999 951 3087 Circulo
981 3002 1027 3086 stt
1055 3003 1107 3087 ad
1134 3002 1396 3088 velocitatem
1424 3005 1606 3111 gyrantis
1634 3003 1676 3089 in
1713 2989 1885 3087 Circulo
1911 3006 2062 3113 quovis

520 3109 626 3210 alio,
653 3111 865 3220 reciproce
893 3111 936 3194 in
965 3109 1241 3219 subduplicata
1270 3111 1430 3196 rarione
1456 3109 1758 3207 distantiarum
1777 3109 1848 3213 fiet
1864 3134 1919 3200 ex
1935 3137 2062 3222 aequo

520 3219 720 3304 velocitas
759 3219 940 3330 gyrantis
975 3220 1017 3302 in
1046 3218 1206 3304 Conica
1242 3217 1420 3306 sediione
1448 3219 1499 3302 td
1527 3218 1791 3304 velocitatem
1818 3229 1997 3330 gyrantls
2014 3220 2064 3308 iu

521 3319 696 3412 Circulo
720 3327 764 3412 in
793 3332 935 3414 cadem
966 3325 1173 3418 distantia,
1200 3345 1246 3412 ut
1274 3327 1408 3413 media
1439 3326 1754 3436 proportionalis
1778 3330 1887 3415 inter
1912 3325 2066 3414 distan-

524 3431 624 3519 tiam
651 3435 758 3520 illam
788 3460 1051 3522 communem
1081 3436 1122 3520 dr
1152 3431 1351 3521 semillem
1377 3435 1608 3544 principalis
1636 3435 1771 3520 lateris
1798 3431 1897 3520 resti
1916 3433 2064 3520 sectio·

522 3535 619 3639 nis3
657 3545 708 3626 ad
732 3545 1076 3648 perpendiculum
1113 3543 1161 3628 ab
1186 3545 1385 3632 umbilico
1419 3545 1634 3633 communi
1661 3545 1705 3630 in
1733 3564 1972 3658 tangentem
1998 3541 2062 3632 se·

526 3647 672 3738 dionis
697 3643 924 3734 demiffum.

708 3831 1133 3923 PR'OPOSITIO
1179 3833 1337 3928 xvlt.
1402 3834 1795 3929 PROBLEMA
1830 3833 1904 3932 lx.

528 3989 674 4124 Prfito
712 3992 928 4128 quodvis
954 3993 1205 4134 *centripeta
1223 3993 1291 4128 stt
1322 3993 1545 4132 reciproce
1576 3991 1923 4230 pryrrtionalir
1945 4029 2069 4131 qua·

529 4249 534 4258 ⁸
597 4128 727 4230 druto
748 4131 964 4260 distantia
985 4133 1175 4232 locorum
1199 4165 1229 4230 a
1253 4157 1400 4236 centro
1411 4210 1426 4255 ,
1463 4129 1526 4236 Θ*
1547 4167 1632 4268 quo
1683 4132 1752 4234 nis
1778 4131 1896 4231 illius
1917 4169 2074 4270 quan-

530 4393 535 4406 .
598 4269 705 4367 titas
727 4265 923 4390 absoluta
929 4269 997 4400 fit
1021 4269 1194 4404 cognita
1226 4320 1241 4392 ς
1286 4266 1541 4405 requiritur
1563 4265 1715 4369 Linea
1739 4306 1878 4406 quam
1912 4306 1984 4370 cor
2015 4309 2078 4372 ur

598 4403 844 4537 describit,
891 4405 947 4505 de
969 4405 1055 4506 Ioco
1074 4405 1218 4531 dato,
1267 4442 1367 4507 cum
1387 4403 1498 4506 data
1519 4401 1752 4508 velocitate
1779 4483 1796 4534 ,
1819 4297 2082 4528 secuncirm

602 4543 761 4641 datam
782 4539 952 4642 redium
973 4541 1211 4677 egrederis.

589 4727 667 4818 Vis
693 4731 922 4839 centripeta
950 4729 1125 4818 tendens
1147 4726 1201 4812 ad
1228 4723 1425 4834 puniium
1448 4726 1544 4812 Sea
1562 4722 1610 4814 lit
1629 4753 1710 4842 qua
1727 4744 1918 4844 corpurp
1936 4723 1981 4816 iu
2002 4756 2088 4818 or-

535 4837 621 4930 bita
639 4841 783 4954 quavis
800 4843 894 4929 data
902 4857 973 4952 pq
989 4833 1516 4963 gytetur‚&cognoscatur
1534 4834 1656 4956 hujus
1668 4839 2096 5038 velocitaaiuloctffi
