4432 5680
444 373 822 476 tumerent·
858 375 1418 482 MATHEMATIC'A.
1642 405 1692 509 r'7

404 681 431 707 .,
528 556 1158 703 ‚conuenturum
1187 523 1300 666 iv.
1488 529 1494 540 '
1720 583 1877 657 on„

149 725 383 845 Commune
398 729 646 872 grauitatis
658 731 870 830 Centrum
884 807 897 854 ,
913 756 1146 870 corporum
1166 727 1355 830 duorum
1374 729 1455 834 vel
1453 705 1686 870 plurium,
1713 665 1891 740 Mores.

203 875 267 980 ab
288 871 534 978 unionibus
553 895 784 1024 corporum
807 867 927 968 inter
935 873 991 988 se
1011 903 1096 968 non
1111 891 1257 964 mutat
1266 867 1439 994 storum
1448 877 1585 988 strum
1611 875 1693 973 oef

204 1041 349 1116 motus
380 1009 460 1152 oei
489 1008 687 1146 quie1n3
722 999 785 1110 &i
810 990 1056 1142 propterea
1085 1031 1316 1140 corporum
1348 1005 1542 1106 omniurn
1572 1008 1621 1107 in
1630 1015 1686 1132 se
1806 1093 1810 1102 ,

204 1177 381 1252 mutuo·
395 1145 622 1284 agentium
658 1141 676 1281 (
703 1139 830 1240 exclu
843 1177 882 1238 rs
906 1137 1148 1240 aiiionibus
1170 1141 1230 1244 fes
1251 1139 1580 1278 impedimentis
1600 1181 1679 1246 ex.

206 1286 352 1388 ternis
372 1283 392 1420 )
429 1315 656 1383 commune
678 1281 890 1376 Centrum
919 1275 1167 1410 gravitatis
1187 1275 1267 1376 vel
1284 1277 1469 1412 quiesiit
1489 1279 1569 1378 uel
1584 1319 1678 1381 mo·

203 1451 342 1526 vetur
372 1419 656 1551 uniformiter
678 1415 727 1514 in
746 1411 979 1514 direiinm.

189 1599 303 1685 Nem
318 1591 347 1681 fi
365 1593 523 1702 ponet
524 1595 620 1677 duo
637 1587 949 1700 progrediantur
966 1572 1162 1670 uniformi
1181 1607 1278 1668 cum
1296 1604 1413 1668 motu
1437 1575 1511 1670 inl'
1545 1587 1674 1682 eisref

140 1707 232 1800 dis,
251 1703 501 1791 &distantia
520 1723 665 1786 eorum
686 1698 891 1784 dividatur
910 1695 952 1780 in
971 1701 1129 1778 ratione
1148 1691 1474 1800 data,puntium
1522 1694 1679 1782 'videns

142 1813 401 1926 resquiescit
420 1811 485 1896 vel
505 1809 767 1918 progreditur
786 1801 1047 1888 uniformiter
1067 1804 1110 1885 in
1129 1801 1236 1908 linet
1256 1797 1375 1884 redit.
1420 1799 1522 1886 Hoc
1540 1803 1679 1912 postea

147 1925 191 2010 in
207 1923 428 2010 Lemmate
447 1945 514 2004 xxi
523 1947 554 2002 11
572 1909 931 2003 demonstratumsr
953 1909 1194 2019 potitiorum
1215 1906 1516 1994 motusfiantin
1529 1896 1679 1998 eodem

140 2035 281 2142 pluno;
312 2031 522 2114 &eadem
542 2026 702 2110 ratione
720 2017 985 2108 demonstrari
1005 2015 1163 2126 potest,
1191 2013 1221 2102 fi
1241 2035 1379 2102 motus
1397 2017 1453 2101 ilii
1473 2043 1558 2102 non
1573 2018 1674 2104 fiant

136 2143 350 2230 incudem
369 2138 504 2244 plano.
552 2133 665 2244 Ergo
688 2131 909 2240 ficorpora
927 2149 1197 2235 quotcunque
1218 2146 1438 2210 moventur
1457 2125 1676 2212 uniformi.-

140 2271 200 2336 ter
215 2253 261 2336 in
280 2247 401 2334 lineis
418 2240 562 2341 retiis,
593 2265 816 2326 commune
835 2256 1024 2322 centrum
1051 2233 1259 2344 gravitatis
1277 2237 1456 2340 duorum
1475 2257 1669 2340 quorum·

137 2361 195 2444 vis
212 2361 280 2444 vei
300 2353 474 2466 quiescit
491 2354 556 2438 vel
571 2348 832 2458 progreditur
852 2341 1114 2428 uniformiter
1132 2337 1175 2422 in
1188 2339 1292 2421 linea
1302 2335 1435 2434 retitr
1455 2359 1676 2448 propterea

134 2471 255 2578 quod
273 2465 382 2552 linea
401 2521 415 2562 ,
443 2463 594 2546 horum
611 2479 835 2564 corporum
854 2470 997 2560 centtq
1020 2448 1063 2532 in
1089 2445 1207 2532 rediit
1225 2445 1487 2530 uniformiter
1507 2473 1674 2560 progre-

132 2574 295 2664 dientia
317 2581 510 2681 jungens,
539 2566 739 2654 dividitur
756 2561 806 2648 ab
825 2561 905 2644 hoc
932 2576 1079 2644 centro
1096 2557 1308 2639 communi
1326 2554 1369 2638 in
1389 2554 1549 2640 ratione
1568 2561 1674 2644 data.

132 2685 330 2772 Similiter
348 2681 632 2773 &commune
650 2691 833 2760 centrum
853 2670 1002 2753 horum
1017 2667 1196 2774 duorum
1218 2661 1260 2746 ἃ
1281 2657 1393 2746 te'rtii
1412 2661 1586 2772 cujusvis
1608 2669 1673 2752 vel

132 2793 307 2905 quiescit
325 2791 391 2874 vel
409 2785 672 2897 progreditur
696 2773 958 2868 uniformiter
979 2777 1024 2859 in
1042 2775 1147 2857 linea
1166 2765 1298 2866 rediar
1327 2771 1672 2880 proptereaquod

132 2903 182 2988 tb
200 2928 255 2988 eo
268 2899 472 3002 vdiuiditur
488 2889 674 2978 distantia
695 2888 828 2974 centri
846 2881 1079 2969 communis
1092 2903 1315 2988 corporum
1333 2879 1672 2978 duorumtzcen-

132 3009 391 3118 tricorporis
412 3003 523 3090 tertii
542 3001 696 3085 indata
716 2997 889 3083 ratione.
945 2989 1106 3076 Eodem
1124 2989 1251 3072 modo
1272 2985 1315 3070 dt
1332 3009 1555 3072 commune
1574 3013 1672 3076 cen·

126 3142 242 3206 trum
266 3117 419 3202 horum
448 3113 574 3197 trium
601 3107 644 3192 δι
664 3105 798 3300 quarti
818 3098 996 3208 cujusvis
1024 3099 1090 3182 vel
1117 3093 1292 3204 quiescit
1322 3097 1387 3179 vel
1406 3098 1670 3205 progreditur

132 3227 395 3316 uniformiter
424 3223 469 3307 in
495 3221 662 3305 lineare
706 3241 760 3310 ar
791 3228 1008 3318 propterea
1029 3207 1144 3314 quod
1164 3201 1284 3288 abeo
1303 3201 1501 3288 dividitur
1520 3200 1668 3288 distan-

134 3341 187 3424 tia
202 3339 314 3424 inter
342 3349 532 3418 centrum
554 3346 776 3424 commune
795 3319 919 3408 trium
940 3315 1191 3398 &centrum
1213 3311 1348 3416 quarti
1367 3313 1411 3392 in
1427 3309 1521 3392 'data
1543 3304 1670 3394 ra'tio·

132 3473 208 3546 ne,
240 3445 282 3529 &
302 3438 356 3528 stc
374 3443 419 3526 in
437 3435 657 3523 infinitum.
701 3429 832 3538 Igitur
851 3425 895 3506 in
913 3417 1126 3532 systemate
1144 3439 1366 3522 corporum
1385 3439 1480 3520 quae
1501 3412 1669 3512 artioni.

131 3557 208 3642 but
224 3555 267 3639 in
284 3551 328 3638 se
347 3545 527 3636 invicem
548 3539 716 3652 aliisque
735 3533 928 3620 omnibus
948 3529 991 3612 in
1011 3517 1666 3630 feextrinsecusimpreffisomni·

133 3689 193 3748 no
215 3680 386 3752 vacant,
424 3660 613 3767 adeoque
641 3662 858 3734 moventur
879 3637 1033 3749 singula
1051 3631 1311 3718 uniformiter
1333 3630 1376 3714 in
1399 3625 1517 3712 tediis
1536 3625 1668 3738 singu·
1701 3685 1703 3692 ,

129 3773 202 3870 iit,
229 3792 455 3856 commune
474 3764 660 3850 omnium
677 3775 867 3842 centrum
887 3745 1095 3862 gravitatis
1116 3744 1180 3828 vel
1203 3737 1376 3851 quiescit
1399 3739 1461 3824 vel
1473 3758 1664 3822 movetur

129 3879 393 3968 uniformiter
410 3876 452 3960 in
475 3867 690 3958 direfium.
714 3945 716 3952 ,
1023 3941 1027 3950 ,
1660 3937 1666 3944 ,

178 3993 318 4076 Porro
335 3989 378 4071 in
401 3981 614 4096 systemate
632 3979 810 4060 duorum
837 3988 1059 4076 corporum
1085 3960 1129 4046 in
1157 3955 1403 4083 seinvicem
1430 3953 1664 4064 agentium«,

124 4127 221 4188 cum
248 4095 448 4182 distantior
477 4107 717 4174 centrorum
744 4077 959 4186 utriusque
988 4101 1010 4158 t
1040 4092 1253 4156 commum
1280 4066 1488 4174 gravitatis
1517 4071 1666 4148 centro
1806 4105 1810 4110 -

125 4209 200 4294 sint
220 4207 437 4314 reciproce
456 4219 504 4285 ut
522 4219 719 4304 corpora;
737 4207 859 4274 erunt
870 4205 1007 4268 motus
1018 4177 1175 4263 relativi
1187 4187 1408 4281 corporum
1418 4173 1662 4268 eorundem,

14 4321 15 4326 ‘
123 4321 189 4404 vel
218 4315 447 4401 accedendi
474 4311 526 4392 ad
554 4324 744 4389 centrum
763 4297 867 4382 iilud
885 4287 1030 4376 velab
1051 4287 1201 4372 eodem
1221 4280 1464 4376 recedendi,
1486 4280 1663 4384 aequales

14 4393 16 4512 f
122 4413 305 4514 inter'fe.
350 4420 531 4519 Proinde
550 4407 1112 4506 centrumilludtmotuum
1131 4389 1354 4500 aequa'libus
1372 4383 1664 4471 mutationibus

14 4519 16 4624 i
126 4539 172 4620 io
186 4555 322 4642 portes
344 4525 567 4616 contrarias
588 4517 731 4620 nnis,
757 4536 888 4622 atque
902 4511 1007 4600 adeo
1027 4503 1077 4589 ab
1098 4497 1325 4592 titionibus·
1342 4495 1491 4618 horum
1513 4517 1663 4598 corpo·

14 4689 15 4696 Ν
127 4667 220 4730 rum
235 4639 345 4727 inter
367 4637 441 4738 se,
472 4660 551 4720 nec
567 4629 834 4737 promovetur
856 4619 937 4702 nec'
955 4613 1183 4698 retardatur
1203 4613 1281 4692 nec
1302 4622 1573 4688 mutationem
1593 4625 1663 4707 pe·

14 4739 16 4830 i
123 4751 232 4838 titur
253 4751 295 4836 iu
325 4746 430 4833 statu
451 4731 525 4828 suo
552 4736 691 4850 quoad
711 4750 870 4815 motum
891 4723 956 4828 vei
977 4721 1182 4832 quietern·
1225 4715 1271 4800 In
1290 4711 1502 4823 systemate
1521 4727 1661 4792 autem

120 4883 346 4968 corporum
364 4853 542 4962 plurium
554 4905 566 4945 ‚
579 4845 774 4956 quoniam
794 4822 1230 4936 duorumquorumvis
1248 4823 1290 4905 io
1309 4819 1351 4904 se
1376 4834 1522 4904 mutuo
1539 4836 1663 4920 agen-

14 5047 15 5060 r
122 4973 226 5058 tium
263 4985 491 5056 commune
528 4951 736 5072 grauitatis
763 4931 1272 5134 cenurbmobitiionem
1290 4928 1399 5014 illam
1420 4921 1663 5021 ‚nullatenus
