4408 5690
442 307 794 410 reluctata
849 279 1411 448 Mauunmnrt'ct.
1602 333 1690 410 aa

142 503 435 614 paneadem,
472 498 621 591 eod'em
652 495 862 614 tempore,
892 508 1064 594 moveri.
1128 505 1241 620 Ergo
1259 505 1620 619 fluidi'parst'tulla
1641 510 1700 593 de
1731 517 1872 599 brier
2003 535 2006 540 ’

141 614 336 700 locosuo
364 615 613 700 movebitur.
671 614 794 732 QE.
815 615 877 702 D.
1087 687 1088 696 r
1711 615 1909 687 seruatur.

197 727 293 834 Cast
311 753 348 808 2.
375 725 485 808 Dico
498 724 582 835 jam
603 740 717 835 quod
736 723 854 810 fluidi
877 726 997 836 huius
1015 747 1155 833 partes
1178 753 1321 814 omnes
1341 725 1698 838 lphaericaeaque·
1799 721 1804 734 ’

139 837 235 923 liter
267 855 514 944 premuntur
537 838 747 946 undique:
775 833 821 920 stt
841 841 957 935 enim
974 837 1017 918 E
1036 835 1080 921 F
1103 865 1192 944 pars
1210 838 1403 944 splraerica
1432 835 1576 934 iluidi,
1605 837 1697 924 &st
1734 891 1736 896 -

140 947 232 1032 haec
254 944 438 1054 undique
461 971 546 1029 non
566 948 767 1052 premitur
787 949 1027 1056 aequaliter,
1058 971 1257 1060 augeatur
1283 949 1427 1055 pretsto
1450 951 1617 1048 minor,
1633 947 1695 1033 us,
1750 988 1753 1006 ι

172 1085 227 1142 ue
254 1059 355 1139 dum
395 1054 477 1160 ipsa
507 1056 694 1164 undique
723 1079 932 1163 prematur
965 1060 1201 1167 aequalitem
1253 1057 1447 1168 &partes
1469 1066 1586 1161 ejus,
1621 1083 1697 1165 per

139 1084 295 1252 {asum
316 1165 520 1274 primum,
541 1165 841 1272 permanebunt
862 1175 903 1250 in
922 1166 1023 1252 locis
1043 1169 1136 1252 luit.
1191 1169 1275 1250 Sed
1293 1187 1390 1251 ante
1409 1164 1565 1250 audiam
1588 1165 1695 1275 presss

142 1275 304 1362 stonem
325 1273 625 1384 permanebunt
646 1276 691 1358 iu
711 1279 812 1359 locis
831 1273 933 1368 suis,
962 1302 1035 1382 per
1055 1275 1206 1362 Casum
1228 1280 1408 1360 eundem
1432 1279 1608 1384 primum
1624 1336 1636 1371 ‚
1650 1277 1695 1362 δι

142 1387 357 1472 additione
386 1379 599 1490 pressionis
630 1411 750 1470 novae
782 1383 1063 1470 movebuntur
1083 1387 1250 1472 delocis
1271 1385 1374 1481 suis,
1397 1413 1469 1492 per
1488 1387 1695 1470 definitio-

139 1523 241 1583 nem
266 1491 412 1581 Fluidi.
478 1497 585 1606 Qtae
622 1498 712 1578 duo
739 1513 979 1605 repugnant.
1048 1492 1164 1606 Ergo
1197 1493 1297 1580 falso
1330 1497 1545 1579 dicebatur
1576 1495 1698 1606 quod

136 1605 306 1716 Sphaeta
326 1603 368 1687 E
381 1603 416 1690 F
426 1629 513 1689 nott
534 1603 722 1714 undique
741 1605 1004 1713 premebatur
1024 1605 1250 1714 aequaliter.
1306 1600 1361 1722 Q
1382 1603 1435 1684 E.
1449 1609 1509 1689 ⁶1).

194 1717 290 1822 Caſs
310 1743 345 1823 3.
370 1715 481 1802 Dico
500 1735 690 1824 preterea
718 1715 833 1822 quod
864 1711 1112 1798 diversarum
1138 1715 1313 1823 partium
1334 1715 1624 1820 lphaericatum.
1642 1739 1694 1798 ae*

136 1827 269 1937 qualis
290 1823 335 1910 fit
355 1821 518 1934 preffio.
547 1823 654 1910 Nam
673 1843 807 1931 partes
828 1820 1039 1932 spbaeticae
1053 1827 1264 1934 contiguae
1284 1821 1695 1931 semutuoptemuut

138 1935 356 2046 equaliter
378 1937 421 2022 in
439 1933 593 2042 punsto
614 1930 851 2029 conradus,
883 1957 956 2044 per
977 1953 1114 2020 motus
1135 1933 1296 2044 Legem
1318 1961 1375 2018 tta.
1408 1933 1552 2022 Sed&
1575 1992 1595 2031 ,.
1617 1959 1699 2040 per
1835 1942 1846 1980 ²

18 2045 19 2048 ‘
137 2045 294 2130 Casum
321 2045 583 2136 secundum,
618 2042 806 2152 undique
833 2064 1079 2149 prem-untur
1100 2048 1244 2128 eadem
1268 2043 1320 2124 vi.
1403 2041 1542 2127 Partes
1561 2043 1698 2152 igitur

136 2159 230 2240 dure
247 2157 397 2264 quavis
414 2153 621 2260 sphaericae
648 2178 735 2236 non
753 2152 991 2262 contiguae‚
1012 2156 1108 2263 quia
1129 2179 1220 2262 pars
1239 2151 1424 2262 spherica
1446 2153 1697 2238 intermedia

135 2285 204 2350 tan
239 2290 309 2349 ere
328 2261 463 2374 potest
480 2285 732 2372 utramque,
756 2283 998 2369 prementur
1017 2267 1160 2348 eadem
1180 2265 1233 2348 vi.
1288 2257 1424 2390 QE.
1445 2263 1508 2352 D.
1673 2362 1676 2370 .

226 2376 288 2484 as
303 2401 342 2482 4
382 2374 491 2459 Dico
517 2375 600 2482 jam
630 2373 750 2481 quod
782 2367 904 2458 fluidi
930 2395 1063 2479 partes
1092 2393 1237 2456 omnes
1266 2373 1424 2479 ubique
1444 2391 1697 2478 premuntur

136 2483 367 2594 equaliter.
424 2483 531 2568 Nam
547 2505 679 2588 partes
699 2485 793 2566 duae
812 2484 967 2594 quaevis
987 2483 1099 2594 tangi
1116 2479 1287 2592 possunt
1315 2509 1336 2562 a
1358 2480 1694 2589 partibussphae-

133 2595 232 2680 ticis
252 2603 293 2678 in
314 2589 473 2702 punsiis
494 2591 884 2702 quibuscunque,&
906 2593 962 2677 ibi
982 2615 1116 2701 partes
1136 2592 1221 2676 illas
1240 2587 1455 2700 Sphari'cas
1476 2593 1693 2700 equaliter

132 2723 368 2813 premunt,
416 2728 491 2811 per
513 2701 663 2786 Casum
687 2730 725 2798 r..
760 2701 803 2786 dr
827 2699 992 2786 viciffim
1013 2701 1064 2787 ab
1087 2704 1163 2788 illis
1193 2698 1399 2812 aqualiter
1418 2722 1697 2809 premuntur„

133 2841 207 2926 per
229 2813 380 2898 Motus
400 2811 559 2922 Legem
580 2814 755 2897 tertiam.
815 2810 1034 2930 QE.‘D.
1447 2921 1449 2926 Α

188 2924 287 3030 Cas
302 2917 492 3025 5.³Cum-
512 2921 645 3034 igitur
670 2915 785 3008 fluidi
814 2948 921 3026 patst
937 2923 1135 3032 quaelibet
1156 2921 1195 3004 G
1203 2917 1261 3003 H
1265 2927 1283 3000 t
1303 2920 1345 3002 in
1372 2917 1699 3032 fluido-reliquo

134 3055 340 3143 tanquam
357 3031 398 3118 in
420 3030 511 3118 vast
531 3034 769 3125 claudatur,
799 3030 842 3112 dt
859 3031 1043 3138 undique
1066 3055 1274 3133 prematur
1299 3030 1532 3134 aequaliter,
1554 3054 1689 3138 partes

132 3169 276 3228 autem
308 3143 451 3249 ejusfe
474 3163 620 3228 mutuo
652 3137 864 3247 aequalltcr
882 3155 1069 3244 premant
1090 3134 1132 3218 δὲ
1153 3135 1363 3246 quiescant
1385 3141 1495 3238 inter
1514 3138 1578 3232 ser
1605 3165 1693 3220 tna·

131 3251 334 3338 oisellum
352 3252 408 3339 est
427 3255 541 3364 quud
564 3247 700 3336 Fluidi
722 3247 1006 3356 cujuscunque
1025 3243 1151 3328 GH'I
1164 3305 1176 3342 ,
1191 3250 1309 3353 quod
1330 3249 1516 3355 undique
1538 3243 1699 3352 premi]-

133 3383 202 3450 tur
221 3363 439 3472 aequaliter
460 3417 473 3457 ,
512 3383 646 3469 partes
664 3383 809 3442 omnes
828 3363 872 3441 le.
885 3369 1032 3442 mutuo
1052 3376 1243 3470 premunt
1266 3355 1478 3462 aequaliter
1491 3410 1514 3452 ,.
1534 3355 1574 3438 δι
1595 3355 1696 3464 quir·

133 3471 483 3558 escuntinterse.
541 3467 764 3662 QEDr
920 3577 923 3584 Ι
1231 3575 1234 3584 ‚
1275 3573 1308 3585 ..
1470 3575 1477 3586 ἱ

192 3583 285 3686 Caſs
315 3585 351 3665 6.
382 3583 512 3692 Igitur
531 3575 559 3660 st
611 3578 766 3664 luidurn
787 3577 886 3674 illud
907 3575 950 3662 in
979 3573 1071 3662 vase
1091 3602 1175 3661 non
1197 3573 1332 3685 rigido
1351 3575 1597 3688 claudatur,
1643 3569 1694 3660 δὲ

130 3695 326 3800 undique
357 3719 441 3775 non
473 3711 680 3796 prematur
713 3689 960 3798 equaliter,
999 3691 1120 3774 cedet
1150 3679 1475 3804 idemprelstoui
1495 3679 1693 3787 fortiori,
1828 3795 1831 3804 Ι

130 3831 206 3912 per
230 3799 532 3887 Definitioncm
556 3797 799 3906 Fluiditatiu
901 3870 911 3884 a
1654 3893 1657 3898 ¹

185 3907 284 4020 Caſs
304 3936 343 4017 7.
366 3909 549 4019 ideoque
578 3908 742 3994 invase
773 3907 917 4014 rigido
937 3903 1132 3992 Fluidum
1172 3931 1259 3994 non
1284 3903 1496 3988 sustinebit
1524 3899 1696 4013 prefflot-
1804 3933 1807 3939 ’

128 4049 229 4110 nem
263 4015 481 4104 fortiorem
520 4043 577 4102 exa
607 4043 694 4102 uno
733 4017 861 4100 latere
897 4039 1020 4122 quam
1050 4044 1102 4100 ex
1131 4018 1247 4112 alio,
1276 4015 1345 4110 sed
1373 4013 1511 4102 eidem
1538 4019 1694 4112 cedet„

126 4135 264 4243 idque
293 4131 336 4214 itt
365 4150 586 4214 momento
603 4123 834 4234 ternporis‚.
858 4125 958 4231 quia
974 4129 1078 4208 latus
1105 4125 1204 4210 vasts
1232 4125 1416 4232 rigidum·
1438 4150 1532 4210 non·
1552 4125 1698 4234 perse··

159 4247 278 4328 uitur
298 4242 502 4350 liquorem
531 4241 763 4322 cedentem
845 4233 1055 4320 Cedendo·
1079 4235 1400 4344 autemurgebit
1430 4235 1534 4320 latus
1560 4260 1694 4344 oppoav

124 4273 293 4445 grum,
336 4351 377 4433 dr
407 4347 459 4434 fic
489 4343 638 4458 preffio
668 4332 854 4454 undique
888 4349 940 4428 ad
966 4343 1253 4453 aequali'tatem:
1283 4366 1438 4458 verget.
1496 4341 1552 4426 Et
1580 4369 1696 4452 quo*

119 4472 246 4556 uiam
274 4463 468 4545 Fluidum
492 4515 510 4555 „
533 4483 657 4566 quam
686 4457 872 4563 primum.
893 4463 1058 4561 aparte
1078 4454 1214 4564 magis*
1237 4450 1362 4566 pressa
1394 4454 1588 4536 recedere
1613 4479 1697 4539 coe

120 4599 284 4664 natur,
308 4573 519 4655 inhibetur
547 4593 620 4674 per
648 4563 912 4650 resistentiam
941 4561 1038 4646 vasis
1067 4566 1125 4646 ad¹
1146 4568 1258 4648 latus.
1279 4559 1545 4670 oppost'tumr..
1568 4566 1696 4646 redu-f
1871 4573 1884 4604 ‘

119 4711 252 4774 cetur
284 4677 435 4790 pressio
481 4678 670 4787 undique
707 4679 758 4758 ad
795 4673 1069 4790 equalitatem
1085 4735 1104 4764 ,,
1136 4670 1179 4758 in
1219 4694 1444 4756 momento·
1464 4673 1695 4788 temporie„

116 4799 285 4906 absque
307 4812 425 4876 motu
446 4788 585 4872 locali:
618 4785 660 4870 ἃ
681 4782 852 4870 subinde
873 4803 1007 4889 partes
1028 4777 1177 4879 fluidi,¹
1200 4809 1273 4890 pet
1294 4777 1695 4900 Gaiumquintttm,

115 4909 165 4998 se
189 4925 347 4996 mutuo
366 4919 556 5012 prement
579 4895 790 5009 equaliter
801 4951 824 4996 ,.
856 4891 1130 5006 &quiescent
1157 4895 1267 4982 inter
1284 4891 1337 4979 se
1392 4887 1518 5010 QE.
1538 4887 1687 5091 Ίᾶηζ
