4390 5680
328 307 1385 404 ..Pnlnctelsstasstnmnrten
1550 321 1630 428 367
1705 417 1710 426 ,

134 443 457 552 ritatematerire
485 443 584 544 sua,
612 475 733 560 quam
755 449 914 562 Jupiter
941 476 1016 557 pro
1032 451 1255 558 quantitate
1277 431 1448 530 materia
1464 445 1559 544 sure,
1588 453 1627 534 in
1673 487 1768 548 trem

130 561 291 643 ratione
318 585 556 672 quacunque
584 562 697 660 data,
726 588 826 672 puta
853 561 880 650 d
906 565 957 648 ad
978 589 1015 646 e:
1045 563 1227 645 distantia
1244 564 1345 644 inter
1360 565 1537 644 centrum
1557 566 1628 648 So·
1644 563 1793 625 terame.

2 764 3 778 q
130 673 183 758 lis
211 679 253 757 bc
282 697 462 758 centrum
485 676 610 760 Orbis
632 679 837 774 Sateliitis,
869 681 992 788 major
1020 675 1171 786 semper
1188 675 1291 758 foret
1306 701 1426 786 qnam
1442 676 1626 764 distantia

131 789 239 872 inter
268 797 457 872 centrum·
475 787 639 874 Solis&
658 815 837 898 centrum
852 792 967 904 Jovis
985 793 1024 872 in
1042 794 1195 873 rarione
1212 791 1489 898 subduplicara
1507 819 1624 902 qnam

130 901 344 1014 proxime3
373 904 432 984 uti
454 901 622 986 calculis
649 905 880 1016 quibusdam
907 907 1018 988 initis
1042 905 1190 987 inueni.
1250 904 1344 987 Etsi
1372 903 1535 988 Satelles
1553 908 1628 988 mi·

132 1045 209 1100 nus
234 1019 366 1128 gravis
388 1013 482 1100 effer
508 1017 549 1098 in
578 1017 713 1104 Solem
742 1023 783 1102 in
815 1021 966 1105 ratione
991 1017 1061 1102 illa
1087 1015 1116 1100 d
1140 1017 1191 1098 ad
1216 1041 1234 1098 e
1249 1068 1263 1113 ,
1291 1017 1473 1099 distantia
1502 1021 1630 1102 centri

25 1197 28 1204 ,
134 1131 263 1216 Orbis
291 1129 482 1216 Satellitis
508 1131 531 1212 ὲ
558 1132 649 1216 Sole
676 1136 807 1216 minor
834 1131 940 1216 foret
966 1159 1084 1243 quarn
1108 1130 1293 1213 distantia
1319 1132 1446 1211 centri
1476 1133 1628 1230 Jovisa

137 1245 232 1328 Sole
262 1247 302 1330 in
330 1246 484 1330 ratione
509 1244 578 1328 iila
608 1245 896 1359 subdupiicata.
957 1247 1088 1356 Igitur
1122 1243 1213 1328 fiin
1243 1244 1457 1354 aequalibus
1488 1248 1509 1322 ὲ
1537 1243 1630 1327 Soie

136 1357 352 1458 distantiis,
384 1359 556 1468 gravitas
584 1362 839 1444 acceleratrix
857 1360 1044 1444 Sateliitis
1067 1361 1237 1468 cujusvis
1263 1360 1302 1438 in
1333 1357 1469 1439 Solem
1503 1367 1631 1465 major

136 1469 232 1556 effet
258 1475 322 1556 vel
345 1475 474 1556 minor
500 1500 619 1581 quam
634 1478 809 1586 gravitas
834 1473 1086 1556 accelerntrix
1106 1475 1212 1573 Jovis
1245 1473 1286 1552 in
1315 1471 1481 1567 Solem,
1517 1497 1630 1580 parte

132 1607 289 1671 tantum
328 1585 529 1670 millesima
559 1590 764 1697 gravitatis
795 1589 956 1684 tetius;
994 1583 1099 1671 foret
1134 1583 1317 1667 distantia
1356 1579 1481 1666 centri
1508 1588 1633 1670 Urbis

134 1700 329 1786 Satellitis
366 1701 388 1782 ὲ
423 1702 519 1787 sole
555 1705 681 1811 major
715 1703 780 1784 vel
820 1705 951 1786 minor
980 1689 1100 1811 quam
1129 1697 1315 1782 distantia
1343 1697 1459 1809 Jovis
1491 1695 1512 1778 i
1541 1698 1635 1782 Sole

132 1859 248 1944 parte
275 1827 344 1954 5¹50
369 1833 562 1918 distantiae
591 1841 735 1930 totius,
764 1837 805 1918 id
823 1836 897 1935 est,
933 1861 1045 1946 parte
1070 1839 1211 1948 quinta
1228 1835 1420 1917 distantiae
1441 1813 1634 1916 Sateliitis
1697 1841 1702 1848 '

133 1971 276 2051 extimi
303 1973 325 2050 ir
348 1995 488 2055 centro
504 1972 636 2084 Jonis':
662 1973 765 2084 Quae
784 1971 945 2083 quidem
968 1969 1090 2054 Orbis
1109 1965 1499 2052 eceentrieirasforet
1515 1967 1630 2048 valde

134 2079 337 2166 sensibilis.
398 2087 479 2169 Sed
503 2087 634 2170 Orbes
653 2089 877 2171 satellitum
899 2085 986 2170 sunt
1002 2087 1096 2198 Jovi
1113 2085 1378 2172 concentrici,
1412 2087 1450 2162 &
1471 2103 1634 2189 propte·

133 2221 197 2282 rea
220 2197 431 2309 gravitates
454 2201 745 2289 acceleratrices
771 2201 885 2316 Jouis
913 2205 952 2282 bt
973 2196 1403 2284 Satellituminboiem
1424 2217 1633 2302 equanrur
1704 2284 1708 2291 ¹

133 2305 238 2392 inter
260 2309 310 2394 se.
371 2313 423 2395 Et
444 2313 588 2396 eodem
616 2339 852 2426 argumento
872 2313 1050 2421 pondera
1076 2310 1288 2394 Saturni&
1313 2307 1526 2391 Comitum
1546 2309 1630 2416 ejus

133 2422 177 2504 in
203 2423 333 2508 Solem
345 2444 360 2518 ‚'
387 2429 426 2510 in
445 2427 655 2537 equalibus
674 2430 696 2512 it
716 2427 812 2516 Sole
834 2425 1052 2518 distantiis,
1082 2423 1167 2506 sunt
1185 2445 1228 2504 ut
1246 2423 1631 2536 quantitatesmateq

131 2535 197 2620 riae
227 2539 266 2620 in
297 2539 408 2650 ipsis:
435 2539 487 2622 Et
509 2541 684 2652 pondera
712 2545 833 2626 Lunae
850 2568 896 2624 ac
923 2543 1061 2626 Terrae
1080 2538 1122 2620 in
1140 2537 1273 2622 Solem
1295 2535 1361 2618 nei
1382 2529 1487 2616 nulia
1513 2533 1626 2630 funt,

132 2651 198 2732 vel
225 2681 357 2736 earnm
383 2655 508 2738 massis
538 2677 717 2742 accurate
743 2645 1073 2770 proportionalia.
1133 2651 1280 2762 Aliqua
1302 2672 1435 2735 aurem
1452 2646 1541 2730 funt
1559 2673 1629 2756 pet

133 2763 459 2878 Corol.t.&3.
499 2767 682 2880 Prop.v.
1263 2813 1266 2820 ·
1432 2789 1438 2796 '
1568 2783 1572 2794 '

191 2958 421 3062 Quinetiam
455 2959 633 3067 pondera
670 2959 841 3068 partium
879 2954 1117 3070 lingularum
1153 2957 1326 3040 Planeta
1362 2949 1554 3064 cujusque
1586 2955 1625 3036 in

131 3071 255 3156 alium
279 3081 583 3186 quemcunque,
610 3072 700 3154 sunt
723 3075 825 3154 inter
852 3074 888 3151 se
916 3095 958 3152 ut
984 3071 1144 3152 materia
1168 3071 1208 3150 in
1243 3067 1421 3174 partibus
1448 3066 1628 3178 singulis.»
1666 3067 1674 3074 ’

132 3187 180 3270 N
186 3214 249 3270 am
266 3187 294 3270 fi
313 3213 441 3298 partes
463 3189 602 3296 alique
623 3185 711 3293 plus
724 3185 986 3296 gravitarent,
1013 3179 1096 3262 alie
1114 3187 1261 3274 minus,
1291 3201 1405 3287 quarn
1418 3201 1627 3286 proqnan-

132 3301 252 3385 tirate
280 3305 466 3384 materie:
499 3300 663 3384 Planeta
692 3320 825 3394 totus,
854 3323 930 3406 pro
948 3320 1089 3408 genere
1111 3295 1278 3404 partium
1299 3290 1440 3400 quibus
1457 3292 1631 3373 maxime

131 3413 332 3512 abundet,
360 3415 572 3526 gravitaret
600 3413 724 3524 magis
750 3412 816 3494 uel
834 3413 964 3497 minus
983 3435 1099 3518 quam
1123 3433 1198 3516 pro
1217 3403 1438 3513 quantitate
1460 3404 1630 3485 materie
1697 3513 1701 3526 Ι

132 3530 274 3610 totius.
325 3529 405 3613 Sed
438 3555 509 3610 nec
536 3527 657 3610 refert
683 3548 813 3610 utrum
841 3548 970 3634 partes
992 3521 1070 3605 iilae
1090 3544 1258 3604 externa
1281 3515 1355 3600 smt
1372 3513 1434 3600 vel
1451 3516 1626 3598 interna.

131 3643 250 3725 Nam
280 3640 308 3723 fi
338 3643 445 3728 verbi
474 3643 593 3752 gratia
623 3666 791 3748 corpora
817 3634 1060 3732 Terrestris,
1090 3663 1176 3746 quae
1206 3633 1311 3744 apud
1340 3655 1413 3712 nos
1441 3625 1551 3720 sunt,
1585 3631 1627 3714 in

131 3757 292 3838 Orbem
313 3757 435 3838 Lunae
456 3755 600 3838 elevari
617 3751 837 3864 fingantur,
870 3746 1179 3838 &conferantur
1202 3741 1624 3852 cumcorporeLunae:

131 3871 177 3956 Si
200 3869 343 3951 horum
364 3869 538 3980 pondera
553 3867 677 3950 essent
693 3867 744 3948 ad
768 3868 945 3976 pondera
961 3865 1131 3973 partium
1154 3885 1403 3948 externarum
1432 3855 1553 3964 Lunae
1583 3881 1625 3940 ut

130 3986 381 4094 quantitates
399 3984 567 4064 materiae
586 3983 626 4063 in
641 3981 799 4070 iisdem,
827 3981 878 4062 ad
890 3981 1067 4087 pondera
1083 4005 1177 4062 vero
1197 3977 1364 4084 partium
1382 3973 1624 4053 internarum

130 4099 175 4180 in
210 4098 351 4204 majori
377 4095 442 4178 vel
471 4096 617 4178 minori
644 4095 820 4185 ratione,
849 4091 981 4174 forent
1011 4093 1147 4174 eadem
1176 4088 1227 4172 ad
1244 4083 1402 4196 pondus
1419 4085 1537 4168 Lunae
1564 4107 1627 4166 to·

123 4214 212 4296 tius
232 4211 273 4294 in
293 4211 434 4318 majori
449 4209 513 4296 vel
531 4207 676 4292 minori
693 4208 869 4292 ratione:
898 4225 1038 4290 eontra
1056 4229 1174 4311 quam
1188 4201 1306 4309 supra
1322 4193 1511 4280 ostensum
1524 4195 1590 4278 est.

193 4429 313 4522 Corui
351 4461 383 4518 r.
415 4437 528 4520 Hinc
556 4432 737 4541 pondera
763 4457 977 4541 corporum
1007 4453 1089 4516 non
1120 4427 1297 4539 pendent
1322 4423 1373 4508 ab
1387 4449 1523 4506 eorum
1540 4418 1625 4505 for·

123 4553 210 4636 mis
235 4559 276 4636 ὃς
301 4554 479 4636 texturis.
542 4549 655 4636 Nam
681 4544 709 4630 st
736 4574 827 4635 curn
856 4546 998 4662 formis
1024 4545 1162 4628 variari
1181 4539 1356 4650 ponens
1387 4536 1621 4620 forent'ma·

113 4677 218 4776 jora
248 4665 310 4749 vel
337 4667 509 4759 minora,⁸
540 4689 615 4768 pro
632 4661 819 4747 varietate
836 4661 1074 4766 turmarum,
1102 4660 1144 4743 in
1162 4656 1306 4770 aquali
1323 4654 1503 4743 materia:
1533 4680 1621 4738 ons·

121 4785 389 4870 ninocontra
406 4775 717 4890 Experientiam
1504 4879 1540 4959 C
1596 4867 1612 4952 ι
1739 4886 1742 4892 1

1537 4898 1621 4958 tro.
