4432 5680
542 345 577 434 a,
823 307 1324 474 rnrnosourirm
1375 327 1786 425 urrunnun

344 517 521 590 thtu'r·
551 523 680 629 quum
710 509 1239 625 illuddatumpofitionem
1256 507 1545 626 servetnecne
1562 506 1585 606 ς’
1616 505 2087 626 quiescere-exflbornnr

296 643 299 650 ·
342 613 515 678 ”mi
542 627 618 712 situ
637 626 747 711 inter
765 627 806 711 se
832 625 995 710 definiri
1013 623 1171 732 nequit.
1221 683 1227 690 -
1350 619 1355 630 '
1656 657 1660 664 ’
1899 634 1902 638 ·
2034 619 2039 637 ’

542 761 562 788 -·
597 733 748 821 Motus
772 737 999 845 proprietas
1017 731 1106 830 est,
1134 732 1249 841 quod
1268 747 1426 838 partes,
1446 751 1540 840 quae
1558 731 1669 813 datos
1685 727 1844 814 serrant
1865 729 2092 836 positiones
2198 791 2199 828 ³

544 849 597 931 ad
615 865 734 941 tota,
771 845 1017 954 participant
1046 862 1183 952 motus
1202 839 1431 924 eorundem
1459 859 1657 958 totorum.
1699 839 1820 954 ‘Nam
1839 835 2093 953 Gyrantium

541 971 681 1080 partes
696 961 844 1038 ‘ornnes
861 953 1076 1038 conantur.
1087 951 1282 1034 recedere
1301 948 1353 1035 ab
1370 971 1447 1032 axe
1464 968 1602 1032 motos
1621 1005 1635 1046 ,
1666 946 1709 1030 cz
1727 943 2093 1058 Progredientium

546 1077 727 1173 impetus
762 1063 895 1145 oritur
922 1075 973 1145 cx
989 1056 1400 1166 'conjuncio'impetd
1426 1057 1603 1163 partium
1624 1053 1888 1167 srngulatum.
1933 1053 2092 1146 :Motis

541 1173 673 1282 igitur
688 1170 934 1280 corporibus
952 1165 1253 1265 ambientibus,
1284 1185 1506 1250 moventur
1524 1165 1617 1274 quae
1634 1165 1677 1250 in
1694 1164 1972 1256 ambientibus
1987 1169 2095 1254 relc-

541 1285 632 1365 'tive
660 1279 891 1392 quiescunt.
948 1276 1003 1362 Et
1023 1295 1242 1388 propterea
1260 1294 1398 1360 motus
1415 1299 1535 1358 verus
1555 1273 1597 1358 δι
1614 1274 1830 1359 absolutus·
1841 1275 2002 1360 definiti
2019 1301 2094 1362 ne-

541 1391 641 1498 ·quit
661 1413 733 1497 per
753 1386 1058 1473 transsationem
1079 1413 1101 1470 e
1121 1384 1269 1470 vicinia
1279 1408 1527 1490 corporum,
1544 1405 1640 1491 quae
1658 1406 1854 1574 tanquam
1875 1381 2091 1494 quiescen-

544 1501 605 1584 tia
622 1495 863 1606 foedantur.
917 1495 1085 1580 Debent
1110 1495 1221 1579 enim
1240 1517 1413 1601 corpora
1439 1511 1609 1576 externa
1628 1517 1713 1576 non
1756 1494 1870 1577 olum
1893 1513 2094 1604 tanquam

470 1611 477 1626 '
542 1606 805 1718 quiescentia
835 1602 1030 1716 spectari,
1067 1603 1278 1690 sedetiam
1305 1625 1404 1686 vere
1431 1597 1655 1712 quiescere.
1709 1600 1911 1710 Alioquin
1938 1603 2116 1692 inclusa,

545 1707 714 1814 omniu
748 1737 900 1822 praeter
921 1711 1227 1798 transsationem
1244 1736 1269 1798 e
1286 1710 1437 1796 vicinia
1464 1709 1760 1804 ambientium,
1788 1710 2095 1820 participabunt

547 1829 677 1912 etiem
698 1819 967 1908 ambientium
986 1821 1123 1908 motus
1140 1845 1282 1918 vetos;
1310 1817 1353 1902 dt
1376 1815 1529 1903 sublata
1546 1817 1614 1902 illa
1635 1815 1897 1906 transsatione
1916 1843 2002 1906 non
2016 1847 2094 1905 ue·

548 1932 865 2042 requiescent,
889 1929 982 2016 'sed
1007 1951 1203 2046 tanquam
1232 1926 1482 2038 quiescentia
1508 1925 1769 2012 solummodo
1795 1925 2095 2036 spesltbuntur.

549 2045 657 2149 Sunt
677 2043 793 2124 enim.
807 2039 1027 2152 ambientit
1045 2043 1096 2122 ad
1114 2038 1265 2122 inclusa
1283 2099 1295 2132 ‚
1341 2055 1387 2120 ut
1410 2035 1537 2120 totius
1556 2059 1646 2142 pars
1665 2037 1847 2120 exterior
1864 2043 1915 2121 od
1932 2059 2095 2148 partem
2198 2127 2199 2142 q

549 2151 818 2241 interiorem,
846 2151 911 2234 vel
930 2145 1140 2233 utc'ort'ex
1166 2149 1217 2232 ad
1234 2147 1442 2231 nucleum.
1495 2141 1624 2229 Moto
1641 2164 1779 2230 autem
1798 2147 1988 2246 cortice,
2017 2173 2097 2232 nu·

545 2258 669 2372 ,cleos
685 2266 831 2370 etiarn,
853 2256 1006 2371 *absque
1027 2253 1357 2377 translationede
1374 2252 1522 2340 uicinia
1539 2252 1730 2353 corticis,
1757 2279 1838 2376 ceu
1855 2281 1945 2369 pars
1964 2257 2097 2344 totins

548 2386 759 2454 movetur.
930 2391 934 2400 ’
1024 2423 1030 2438 ·
1924 2431 1927 2441 .

552 2533 555 2541 -
611 2474 866 2562 Procedenti
883 2475 1124 2586 proprietati
1141 2473 1281 2560 affinis'
1293 2473 1375 2570 est,
1394 2476 1510 2583 quod
1536 2492 1655 2559 moto
1674 2473 1796 2560 Loco
1815 2496 2099 2564 moreturuna

555 2583 787 2671 Locatum:
808 2579 998 2692 adeoque
1015 2609 1190 2692 corpus,
1209 2583 1325 2692 quod
1344 2582 1397 2666 de
1415 2585 1511 2666 loco
1529 2585 2099 2696 motomovetur,participat

557 2697 684 2780 etiam
715 2694 798 2778 loci
825 2691 881 2777 sui
916 2712 1090 2776 motum.
1150 2695 1297 2776 Motus
1326 2693 1453 2804 igitur
1485 2715 1664 2790 omnes,
1691 2693 1765 2802 qui
1782 2698 1836 2778 de
1854 2693 1958 2782 locis
1975 2695 2100 2780 motis

554 2803 685 2898 siunt,
712 2802 805 2887 sunt
824 2824 956 2912 partes
974 2797 1234 2885 solummodo
1254 2819 1443 2884 motuum
1463 2798 1721 2910 integrorum
1741 2799 1784 2884 dr
1802 2804 2099 2890 absolutorum:

551 2909 761 2996 &motus
787 2911 920 3005 omnis
946 2910 1108 3102 intepet
1126 2908 1393 3016 componitur
1421 2933 1474 2992 ex
1491 2929 1609 2992 motu
1627 2911 1811 3019 corporis
1837 2914 1890 2998 de
1909 2915 2004 2998 loco
2023 2911 2101 2998 suo

553 3019 714 3130 primo.
729 3009 785 3102 'cz
805 3039 924 3104 motu
939 3017 1021 3104 loci
1071 3017 1161 3125 ujus
1180 3021 1232 3102 de
1250 3019 1344 3103 loco
1358 3015 1460 3116 suo,
1492 3013 1538 3100 dc
1554 3015 1606 3104 fic
1625 3017 1842 3130 deinceps;
1860 3021 2101 3133 usquedum

557 3127 823 3239 perveniatur
851 3131 901 3212 ad
920 3128 1060 3214 locum
1087 3129 1306 3212 immotum
1327 3184 1341 3224 ‚
1379 3145 1425 3220 ut
1444 3127 1486 3210 in
1506 3127 1697 3238 exemplo
1715 3127 1861 3216 Nautae
1880 3131 1996 3240 supra
2010 3157 2102 3216 me·
2196 3131 2199 3140 ’

407 3265 412 3274 ·
553 3255 735 3322 morato.
793 3234 915 3321 Unde
942 3258 1078 3321 motus
1106 3235 1257 3346 integri
1278 3231 1511 3319 &absoluti
1530 3261 1616 3320 non
1635 3234 1706 3320 nist
1725 3264 1796 3347 per
1817 3242 1909 3324 loca
1926 3243 2100 3326 immota

554 3345 720 3432 deliniri
741 3343 925 3456 poliunt:
955 3343 997 3430 dc
1045 3342 1232 3454 ropterea
1252 3344 1327 3428 hos
1342 3345 1396 3426 ad
1417 3345 1507 3428 loca
1526 3344 1733 3444 immota,·
1748 3349 2102 3434 relativosadmo·

559 3453 657 3543 bilia
683 3455 801 3562 supra
828 3455 963 3539 retuli.
1015 3372 1135 3538 foca
1154 3475 1292 3538 autem
1312 3453 1482 3538 immota
1501 3479 1585 3538 non
1603 3454 1719 3550 sunt,
1756 3455 1830 3540 nist
1848 3483 1944 3567 quae
1961 3458 2101 3544 omnia

553 3563 613 3648 ab
631 3563 797 3648 infinito
823 3563 865 3642 in
894 3558 1231 3644 infinitnmdatas
1257 3560 1417 3646 servant
1435 3559 1656 3670 politiones
1682 3569 1733 3647 ad
1752 3565 1953 3661 invicemc
1974 3587 2101 3676 utque

559 3671 668 3864 qdleo
684 3668 842 3862 semper
859 3687 1027 3752 manent
1046 3669 1240 3765 immota,
1270 3666 1527 3780 spatiumque
1547 3669 1801 3760 constituunt
1820 3679 1934 3786 quod
1953 3673 2103 3762 Immo-

594 3785 684 3862 iea
715 3799 766 3883 pe
798 3799 836 3862 0.
927 3840 931 3849 -
1740 3813 1744 3820 ’

619 3799 784 3983 caifa,
825 3883 981 3996 quibus
998 3903 1136 3972 motus
1155 3886 1240 3970 veri
1259 3883 1302 3970 de
1320 3883 1480 3972 relativi
1498 3885 1804 4001 distinguuntur
1821 3892 1874 3980 ab
1893 3895 2101 3996 invicem,

562 3993 652 4080 sunt
671 3991 793 4082 Vites
825 3995 867 4080 in
896 4019 1070 4104 corpora
1098 3991 1296 4101 impressae
1329 3995 1380 4080 ad
1408 4013 1568 4082 motum
1595 4005 1889 4110 generandum.
1950 4002 2106 4092 Motus

561 4127 684 4196 verus
702 4129 781 4188 nec
795 4125 1019 4212 generatur
1037 4127 1116 4188 nec
1135 4123 1339 4201 mutatur,
1368 4103 1442 4188 nist
1459 4129 1532 4212 per
1550 4107 1707 4195 viresio
1717 4109 1846 4220 ipsum
1856 4137 2106 4224 corpusrno

562 4235 655 4298 tum
672 4209 897 4320 impressas:
934 4235 974 4300 at
993 4232 1131 4298 motus
1152 4213 1344 4298 relativus
1364 4215 1552 4322 generari
1571 4215 1614 4302 de
1631 4221 1783 4306 mutari
1799 4221 1935 4328 potest
1949 4223 2107 4343 absque

562 4316 718 4406 viribus
744 4316 942 4429 impreffis
968 4324 1010 4408 in
1029 4324 1119 4408 boc
1145 4345 1307 4430 corpus.
1357 4317 1521 4409 Sufficit
1549 4325 1661 4411 enim
1680 4349 1736 4412 ut
1753 4329 2040 4436 imprimantur
2058 4335 2108 4422 in

557 4430 640 4514 'olla
667 4428 799 4554 solum
825 4453 999 4538 corpora
1026 4435 1080 4515 ad
1104 4455 1199 4542 quae
1227 4428 1272 4514 fit
1292 4429 1469 4526 relatio.
1515 4433 1628 4520 utils
1653 4437 1898 4524 cedentibus
1915 4462 2109 4530 mutetur

559 4539 712 4622 'relatio
732 4539 803 4622 nlla
821 4537 865 4624 itt
893 4563 975 4648 qut
993 4537 1117 4648 hujus
1139 4537 1258 4648 quies
1285 4540 1349 4622 vel
1369 4559 1509 4628 motus
1534 4542 1727 4630 rolrtivtu
1751 4547 1944 4636 consissit.
1962 4594 1964 4611 =
1999 4557 2111 4640 Rur-

559 4643 654 4732 sum
672 4663 810 4730 motus
828 4671 951 4732 verus
970 4673 992 4730 a
1011 4647 1165 4733 viribus
1183 4646 1226 4732 in
1244 4657 1394 4754 cor'pus
1413 4673 1573 4736 motum
1592 4651 1789 4760 imprclsts
1807 4656 1966 4766 semper
1974 4681 2111 4748 muta·

564 4775 659 4852 ture
687 4774 731 4838 at
749 4773 886 4840 motus
902 4755 1095 4842 relativus
1111 4754 1162 4839 ab
1180 4755 1240 4840 bis
1259 4757 1412 4842 viribus
1429 4785 1516 4853 non
1534 4761 1967 4852 mutaturneceffrrio.
1995 4769 2109 4858 Num

563 4861 773 4951 lieaedem
791 4863 958 4974 virerin
980 4864 1056 4952 alia
1076 4863 1200 4951 etiam
1217 4889 1414 4977 corpora.
1441 4871 1491 4955 td
1511 4893 1601 4980 quc
1615 4867 1663 4954 stt
1680 4873 1857 4974 relatio,
1894 4873 1948 4962 lic
1966 4877 2112 4988 impri-

565 5028 570 5038 ·
1939 5007 2113 5077 mantue
