4394 5688
512 400 588 490 172
803 339 1327 477 'ruinosonrnffi
1379 387 1796 480 urrunnun:

216 591 220 596 ·
282 601 336 672 Β,
352 605 471 682 Moru
503 559 574 645 les.
616 553 731 670 Ergo
758 557 940 644 absoluta
967 565 1028 646 vis
1054 559 1262 647 attractiva
1289 565 1474 673 corporis
1502 565 1552 647 A
1569 561 1627 648 eli
1650 565 1701 648 ad
1721 559 1950 647 absolutam
1967 555 2055 644 uim

282 665 760 894 Conorunffitrabeinm
772 671 974 860 {orporis
996 671 1060 770 Β,
1090 691 1139 755 ut
1166 669 1286 758 maiia
1315 674 1500 784 corporis
1527 673 1575 757 A
1596 677 1648 758 ad
1676 669 1837 757 mallum
1866 670 2061 779 corporis
2192 759 2193 780 p

563 885 686 972 Corol.
722 915 754 972 1.
780 885 897 973 Hinc
927 887 954 974 fi
977 887 1129 1000 singula
1149 889 1381 1002 Syllematis
1409 917 1584 998 corpora
1611 892 1674 983 A.
1705 891 1768 986 Β,
1791 887 1847 985 C,
1870 887 1945 984 ‘Dr
1973 887 2055 976 &tt-
2192 915 2193 918 ‘

503 995 668 1085 seorsim
696 995 872 1106 speciata
902 1000 1062 1084 trabant
1090 1023 1234 1086 caetern
1260 1003 1398 1086 omnia
1419 1001 1573 1086 viribus
1592 996 1948 1084 acceleratricibus
1967 1023 2065 1108 quc

502 1105 598 1193 sunt
636 1109 850 1215 reciproce
890 1132 935 1194 ut
962 1111 1161 1219 quadrata
1199 1109 1480 1196 distantiarum
1508 1139 1530 1195 a
1559 1110 1781 1204 trabente;
1808 1127 1930 1192 erunt
1959 1134 2056 1192 cor·

501 1241 653 1329 porum
691 1221 855 1304 illorum
895 1221 1084 1324 omnium
1121 1223 1228 1306 vires
1261 1220 1456 1307 absolutae
1486 1224 1538 1305 rd
1565 1219 1750 1304 invicem
1776 1221 1826 1303 ut'
1848 1215 1942 1302 sunt
1970 1216 2057 1328 ipsa

505 1353 694 1433 corpora.

563 1437 686 1520 Corol.
726 1465 763 1523 2.
809 1436 972 1524 Eodem
1011 1461 1297 1548 argumento,
1352 1437 1381 1522 li
1421 1435 1573 1550 singula
1609 1433 1844 1548 systematis
1880 1461 2062 1542 corpora

505 1543 564 1645 A,
578 1545 780 1644 ΜΦ,
808 1549 886 1634 &c
914 1546 1072 1632 seorsim
1093 1545 1264 1656 speciata
1292 1548 1453 1631 trahant
1482 1569 1623 1631 caetera
1652 1546 1790 1629 omnia
1819 1543 1976 1628 viribus
1995 1573 2061 1630 ac·

505 1657 815 1740 celetatricibns
842 1657 1046 1768 quaesunt
1077 1661 1140 1743 vel
1179 1661 1393 1766 reciproce
1432 1659 1499 1740 vel
1526 1653 1680 1740 diretle
1706 1656 1749 1738 in
1777 1654 1939 1740 ratione
1966 1655 2063 1766 diga

436 1841 440 1849 .
504 1766 645 1850 nitatis
671 1765 956 1877 cujuscunque
987 1763 1265 1852 distantiarum
1294 1765 1545 1857 atrabente,
1566 1789 1713 1876 quaeve
1731 1763 1956 1848 secundum
1978 1763 2062 1848 Le·

502 1899 603 2068 ἒεω
640 1899 936 1986 quamcunque
973 1900 1243 1961 communem
1282 1901 1336 1960 ex
1375 1871 1574 1959 distantiis
1605 1873 1656 1958 ab
1690 1897 1952 1982 unoquoque
1980 1896 2064 1957 tra·

534 2001 631 2068 ente
660 1983 954 2084 definiuntur;
1001 1983 1158 2072 constat
1186 1989 1304 2097 quod
1328 2010 1554 2096 corporum
1581 1985 1751 2071 illorum
1769 1983 1875 2068 vires
1902 1981 2063 2070 absolu.-

415 2193 419 2208 ·
505 2111 560 2176 tae
581 2092 674 2178 sunt
693 2114 738 2178 ut
759 2122 945 2204 corpora

563 2201 690 2288 Corol.
710 2231 744 2312 3.
770 2203 814 2289 ln
851 2205 1076 2318 Systemate
1104 2231 1362 2315 corporum,
1399 2229 1580 2315 quorum
1611 2201 1718 2288 vires
1742 2199 1987 2302 decrescunt
2015 2203 2068 2286 in·
2192 2217 2193 2228 ‘

501 2306 665 2400 ratione
684 2315 892 2420 duplicata
913 2314 1195 2401 distantiarum
1217 2375 1230 2416 ,
1270 2315 1299 2400 li
1321 2318 1480 2400 minora
1500 2315 1608 2399 circa
1629 2311 1852 2397 maximum
1871 2319 1912 2396 in
1932 2307 2069 2422 Etlip·

504 2419 613 2506 sibus
649 2421 895 2508 umbilicum
921 2451 1189 2512 communem
1225 2427 1269 2512 in
1299 2427 1464 2510 maximi
1489 2425 1600 2510 illius
1632 2441 1780 2508 centro
1811 2420 2062 2508 habentibus

506 2553 632 2721 ‹puam
652 2528 740 2618 fieri
761 2531 895 2638 potest
913 2532 1226 2619 accuratiffimis.
1242 2537 1532 2631 revolvantur,
1563 2533 1605 2617 δι
1626 2533 1745 2617 radiis
1764 2532 1818 2617 ad
1834 2531 2066 2618 maximum

505 2637 520 2721 i
539 2636 610 2724 lud
631 2635 762 2730 duciis
781 2640 1012 2726 describant
1032 2667 1144 2726 arcas
1163 2643 1419 2748 temporibus
1438 2669 1562 2752 qnam
1574 2645 1751 2726 maxime
1771 2642 2063 2750 proportiona-

507 2745 598 2832 lest·
623 2768 747 2832 eruut
771 2773 993 2858 corporum
1013 2752 1176 2836 illorum
1196 2751 1302 2835 vires
1322 2751 1511 2836 absoluta
1529 2755 1580 2836 ad
1598 2751 1793 2849 invicem,
1804 2768 1873 2837 aut
1891 2776 2063 2836 accura-
2093 2785 2097 2790 ·

509 2869 553 2937 te
570 2876 644 2939 aut·
694 2859 978 2964 namproxime
996 2859 1039 2943 in
1060 2861 1219 2944 ratione
1247 2885 1504 2967 corporum
1544 2860 1585 2944 ἀ
1615 2879 1773 2948 contra
1844 2859 1968 2946 Patet
1984 2888 2063 2972 per

508 2960 654 3054 Corol.
707 2993 794 3077 rop.
820 2995 962 3058 uxvru.
982 2967 1177 3060 collatum
1199 2996 1295 3060 cum
1313 2971 1432 3082 hujus
1450 2969 1592 3058 Corol.
1609 2997 1643 3058 r.

1164 3230 1366 3319 Scbob‘rma

562 3455 645 3544 His
665 3455 1018 3568 propositionibus
1036 3458 1353 3543 manuducimur
1383 3459 1432 3541 ad
1452 3456 1678 3568 analogiam
1698 3458 1808 3546 inter
1828 3460 1933 3546 vires
1953 3489 2064 3550 ecn-

506 3575 678 3674 tripetas
696 3570 925 3675 &corpora
944 3569 1170 3665 centralia,
1208 3569 1259 3651 ad
1288 3593 1382 3676 quae
1402 3567 1507 3653 vires
1526 3568 1605 3652 illae
1623 3569 1742 3680 dirigi
1761 3570 1904 3654 solent.
1970 3573 2066 3660 Ra·-

507 3675 614 3758 tioni
633 3677 744 3760 enim
775 3677 1098 3760 consentancum
1116 3675 1173 3760 cst
1193 3733 1214 3773 ,.
1247 3697 1291 3760 ut
1314 3679 1418 3760 vires
1436 3702 1531 3786 quae
1550 3680 1601 3761 ad
1621 3704 1794 3786 corpora
1815 3679 2057 3791 diriguntun

506 3786 715 3978 pendeant
735 3784 786 3870 ab
813 3789 1043 3870 eorundem
1064 3808 1207 3870 natura
1225 3782 1268 3869 δι
1287 3791 1520 3892 quantitate
1542 3843 1556 3884 ,
1594 3809 1640 3869 ut
1660 3783 1704 3870 fit
1725 3789 1773 3874 in·
1788 3795 2058 3900 Magneticin.

549 3914 565 3977 t
586 3895 753 4005 quoties
779 3894 1013 4006 hujusmodi
1034 3893 1147 3978 ersus
1168 3895 1385 3989 incidunt,
1417 3893 1662 3982 aeliimandae
1683 3919 1806 3984 erunt
1825 3926 2060 4008 corporum.

506 4001 804 4103 attullimus,
855 4003 1090 4115 affignando
1118 4003 1286 4116 singulis
1318 4030 1461 4090 eorum
1490 4007 1697 4115 particulis
1717 4011 1822 4094 vires
1842 4011 2063 4118 proprias,.

508 4109 552 4196 ἃ
572 4115 808 4224 colligendo
827 4114 1001 4198 summas
1020 4115 1181 4199 uirium.
1251 4111 1410 4200 Vocem
1431 4115 1694 4202 Attrablionis
1714 4118 1781 4203 hic
1798 4121 2053 4228 generaliter.

507 4221 662 4332 usurpo
689 4247 766 4329 pro
794 4247 1018 4330 corporum
1044 4244 1198 4308 conatu
1229 4249 1485 4332 quocunque
1512 4227 1736 4312 accedendi
1765 4230 2051 4330 adinvicemr

508 4329 589 4415 live
608 4352 781 4416 conatus
799 4329 872 4414 iste
891 4333 959 4416 fiat
979 4332 1029 4417 ab
1049 4329 1208 4416 actione
1226 4358 1448 4440 corporum
1461 4388 1473 4429 ,
1486 4337 1551 4420 vel
1571 4335 1611 4418 se
1632 4347 2060 4446 mutuopetentium,

507 4441 573 4522 vcl
594 4467 667 4545 per
687 4439 861 4549 Spiritus
889 4439 1048 4526 emilius
1075 4441 1313 4526 seinvicem
1344 4444 1621 4552 agitantium,
1668 4442 1747 4530 live
1766 4451 1798 4532 is
1819 4447 2055 4538 abablium

507 4539 725 4671 AEtheris,
750 4570 820 4634 aut
841 4553 987 4649 Aeris,
1025 4548 1212 4635 Mediive
1230 4549 1512 4660 cujuscunque
1526 4550 1604 4640 seu·
1618 4559 1807 4664 corporei
1826 4555 1896 4640 seu
1918 4559 2057 4646 incor-

507 4677 625 4854 ἓοτει
644 4658 800 4744 oriatur
818 4683 992 4768 corpora
1011 4660 1236 4746 innatantia
1253 4659 1296 4746 in
1316 4659 1357 4746 sc
1377 4662 1555 4747 invicem
1567 4683 1781 4774 utcunque
1791 4665 2061 4774 impellentis.

546 4767 673 4860 odem
691 4767 806 4858 sensu
823 4771 1005 4882 generali
1024 4769 1342 4884 usurpovocem
1362 4771 1563 4884 Impulsus
1584 4825 1606 4872 a·
1624 4775 1887 4896 nonspecies
1901 4781 2057 4868 virium
