4432 5680
559 425 608 511 1'6
838 401 1336 527 PHILOSOPHIAE
1391 399 1835 510 NATURAlatst

350 584 730 682 arrouara'lo'citatis
749 581 931 704 partibus
951 588 1097 689 decem
1118 649 1131 689 ,
1161 561 1350 704 adeoqbe
1369 577 1506 676 motus
1529 561 1652 699 ‘tonat
1670 563 1780 698 A'srt'
1794 587 1843 675 a'd
1864 561 2118 702 molimira-‘'-

390 697 481 753 ⁸¹'‘
557 705 632 788 srus
652 703 692 784 B
711 766 738 796 ,,
759 725 805 785 ur
822 701 892 784 sex
911 702 960 784 ad
981 703 1148 785 decem:
1186 719 1393 808 ponantur
1412 718 1547 787 motus
1567 699 1644 782 illis
1671 695 1750 786 else
1768 699 1946 808 partium
1963 701 2033 787 sex
2051 703 2098 786 dt

555 813 734 920 partium
761 815 941 907 decem,
970 805 1013 894 dt
1038 808 1191 897 summa
1220 813 1297 891 erit
1314 809 1500 918 'partium
1528 803 1755 892 sexdecim.'
1800 805 1844 891 ln
1872 835 2099 918 corporum

554 921 681 1028 igitur
700 915 926 1014 concursu,
959 913 1209 1024 ficorpusA
1224 917 1409 1007 lucretur
1429 935 1566 1001 motus
1583 933 1716 1021 partes
1736 931 1817 999 tres
1835 919 1905 1000 vel
1915 937 2098 1028 quatuor

556 1027 622 1113 vel
659 1029 879 1136 quinque,
928 1049 1077 1132 corpus
1106 1023 1147 1104 B
1166 1027 1329 1110 amittet
1357 1025 1491 1132 partes
1511 1026 1711 1120 totidem,
1743 1026 1931 1135 adeoque
1950 1027 2115 1144 perget·

562 1127 712 1242 cor'pua
727 1135 773 1216 A
797 1133 885 1241 post
903 1130 1173 1218 reflexionem
1194 1158 1288 1222 cum
1317 1131 1497 1239 partibus
1517 1155 1667 1240 novem
1689 1131 1755 1214 vel
1773 1135 1920 1218 decem
1940 1138 2001 1220 vel
2019 1147 2119 1220 un-v

556 1245 718 1339 decim,
756 1239 799 1325 dr
826 1237 867 1322 B
885 1267 980 1325 cum
1001 1243 1182 1350 partibus
1201 1239 1356 1348 septem
1378 1242 1443 1323 vel
1462 1237 1532 1323 sex
1552 1239 1614 1323 v'el
1637 1239 1856 1350 quinque,
1895 1241 2099 1335 exiliente

556 1352 715 1459 semper
743 1350 897 1435 summa
924 1351 1102 1456 partium
1131 1347 1337 1433 sexdecim
1368 1368 1414 1430 ut
1441 1349 1563 1454 prius.
1621 1347 1832 1457 Si'corpus
1850 1351 2120 1440 Alucretur³

555 1481 690 1572 partes
718 1484 868 1543 novem
890 1459 953 1538 vel
972 1460 1117 1540 decem
1137 1459 1202 1540 vel
1222 1455 1415 1538 undecim
1434 1457 1498 1538 vel
1516 1455 1982 1568 duodecim,³a'deoque'
2001 1487 2118 1570 pro·-

607 1570 767 1652 ediatur
784 1565 873 1674 post
891 1565 1135 1650 concursum
1154 1589 1248 1650 cum
1267 1562 1448 1672 partibus
1466 1564 1789 1672 quindecimvel
1805 1564 2014 1663 'sexdecim
2031 1571 2100 1654 vel

574 1677 835 1784 eptendecim
866 1677 927 1760 vel
957 1671 1188 1766 oflodecirn
1205 1731 1223 1770 „
1262 1697 1409 1778 corpus
1428 1671 1493 1766 B,
1506 1673 1733 1775 amittendo
1754 1693 1817 1756 tot
1838 1697 1970 1780 partes
1990 1699 2099 1790 quot

557 1785 605 1868 A
620 1785 820 1880 lucratur,
842 1785 906 1866 vel
926 1808 1019 1868 cum
1041 1807 1121 1866 una
1140 1799 1255 1891 parte
1274 1781 1561 1890 progredietur
1580 1779 2120 1896 amilsrspartibusnov'em,‚

558 1894 624 1976 vel
646 1891 828 1999 quiescet
847 1889 987 1973 amisso
1003 1901 1131 1988 ‚motu
1153 1893 1224 1973 suo
1243 1885 1493 2000 progrelsrvo
1512 1889 1687 1996 partium
1706 1892 1852 1974 decem
1874 1951 1887 1991 ,
1915 1897 1980 1978 vel
1997 1923 2116 1984 cum·

556 2026 638 2110 una
656 2020 771 2106 parte
796 1998 1053 2108 regredietur
1072 1998 1210 2082 amisso
1229 2019 1346 2080 motu
1364 1999 1434 2079 suo
1456 1995 1498 2097 ἃ
1520 1995 1544 2106 (
1563 1997 1691 2081 utita'
1701 2001 1861 2106 dicam)
1880 2028 1960 2085 una
1980 2027 2101 2114 parte

557 2109 828 2218 amplius,vel
849 2107 1107 2216 regredietur
1126 2131 1221 2192 cum
1240 2106 1421 2213 partibus
1439 2108 1595 2188 duab'us
1614 2109 1669 2188 ob
1688 2104 1915 2193 d'e'tra'flum
1934 2131 2100 2200 motum

553 2213 849 2328 progreffivum
869 2217 1045 2326 partium
1065 2216 1300 2307 duodecim.
1366 2218 1509 2320 Atque
1528 2213 1583 2296 ira
1601 2212 1768 2299 summae
1788 2241 1977 2316 motuum
1997 2247 2103 2308 con·

556 2323 792 2428 spirantium
827 2351 868 2432 15
894 2352 967 2406 -Η
993 2326 1058 2407 vel
1085 2327 1188 2426 rba-
1205 2350 1231 2402 o
1250 2377 1274 2417 „
1293 2321 1331 2406 dr
1353 2318 1599 2404 differentiae
1626 2327 1928 2418 contrariorum
1954 2355 2096 2436 17..1

556 2433 600 2516 δι
628 2433 769 2516 18-2
789 2431 946 2539 semper
974 2453 1095 2514 erunt
1117 2430 1294 2538 partium
1319 2430 1559 2526 sexdecim,
1586 2450 1756 2530 orante
1785 2437 2029 2532 concursum
2049 2440 2101 2526 'de

555 2536 839 2624 reflexionem.
891 2537 1083 2648 Cognitis
1111 2558 1248 2621 autem
1270 2539 1451 2630 motibus
1469 2538 1714 2644 quibuscum
1735 2566 1908 2652 corpora
1927 2547 2015 2653 post
2034 2555 2111 2634 re-'

554 2646 780 2734 flexionem
808 2669 981 2756 pergent
1001 2704 1014 2743 ,
1042 2645 1277 2730 invenietur
1297 2643 1504 2752 ¹cujusque
1524 2646 1719 2740 velocitas
1739 2707 1752 2745 ,
1770 2649 1774 2658 ’
1782 2657 1986 2758 ponendo
2003 2682 2098 2747 earn

555 2755 636 2842 esse
654 2762 704 2842 ad
724 2755 985 2842 velocitatem
1006 2777 1102 2839 ante
1120 2749 1390 2868 reflexionem
1405 2803 1428 2850 ,·
1446 2771 1494 2844 ut
1515 2773 1652 2838 motus
1671 2755 1760 2864 post
1782 2759 1906 2846 estad
1933 2787 2098 2856 motum

553 2885 664 2950 ante.
726 2863 785 2948 Ut
808 2866 852 2948 in
869 2861 963 2948 casu
983 2864 1131 2950 ultimo
1151 2919 1164 2959 ,
1193 2863 1263 2947 ubi
1291 2861 1475 2970 corporis
1494 2863 1540 2942 A
1556 2885 1700 2963 motus,
1718 2873 1806 2952 'erat
1829 2873 2003 2975 partium
2023 2873 2099 2964 sex

554 2992 652 3056 ante
670 2971 940 3058 reflexionem
961 2971 1004 3055 dc
1021 2973 1196 3080 partium
1215 2971 1443 3055 oflodecim
1463 2968 1623 3077 postea,
1642 2972 1686 3056 dr
1705 2977 1899 3062 velocitas
1915 2966 2112 3088 partium*

494 3119 498 3128 ⁴
553 3085 728 3166 duarum
747 3101 842 3166 ante
861 3079 1154 3176 reflexionem
1182 3081 1416 3170 invenietur
1434 3087 1521 3183 ejus
1538 3082 1731 3166 velocitas
1741 3087 1915 3191 partium
1926 3089 1993 3173 sex
2003 3093 2095 3199 p'ost

554 3186 828 3275 reflexionem
850 3244 864 3284 ,
899 3191 1080 3274 dicendo
1100 3248 1113 3287 ,
1162 3209 1210 3271 ut
1230 3209 1367 3273 motus
1397 3208 1530 3296 partes
1547 3188 1617 3272 sex
1637 3211 1731 3274 ante
1751 3189 2111 3288 reflexionemad·

553 3315 692 3383 motus
711 3319 845 3408 partes
874 3297 1105 3386 octodecim
1128 3295 1294 3405 postea.
1322 3299 1378 3386 ita
1399 3299 1624 3384 velocitatis
1642 3323 1773 3408 partes
1801 3305 1893 3387 duae
1913 3327 2008 3392 ante
2027 3335 2092 3396 re·

552 3403 778 3494 flexionem
800 3410 850 3492 ad
869 3407 1097 3491 velocitatis
1116 3429 1251 3514 partes
1271 3403 1341 3492 sex
1360 3403 1510 3515 postea.

607 3515 738 3623 Quod
766 3515 987 3619 incorpora
1008 3517 1072 3597 vel
1092 3525 1176 3598 non
1196 3513 1399 3628 Sphaericja
1418 3515 1483 3599 vel
1500 3512 1664 3600 diversrs
1682 3513 1863 3605 ioreflis
1878 3527 2094 3614 moventia

551 3623 736 3707 incidant
756 3621 799 3702 in
818 3619 858 3704 se
877 3639 1025 3702 mutuo
1042 3621 1233 3728 oblique,
1264 3621 1585 3729 &requirantur
1602 3649 1747 3708 eorum
1768 3648 1901 3722 motus
1921 3631 2007 3741 post
2027 3634 2110 3720 re:

552 3725 778 3814 flexionem
800 3759 812 3822 ς
850 3727 1159 3836 cognoscendus
1177 3726 1234 3810 est
1249 3727 1346 3813 suus
1364 3728 1471 3837 plani
1498 3755 1520 3811 a
1542 3751 1628 3837 quo
1647 3757 1820 3841 corpora
1838 3752 2098 3830 concurren.

555 3839 613 3921 tia
634 3853 857 3945 tanguntur
885 3836 928 3919 in
947 3829 1099 3944 pundo
1115 3837 1340 3922 concursus
1359 3868 1373 3918 .·
1402 3838 1497 3922 dein
1517 3841 1933 3956 corporls'utriusque'
1949 3859 2097 3942 motus
2209 3889 2210 3902 Ν

555 3946 655 4052 (per
673 3943 813 4030 Cotol.
830 3939 929 4051 rr.)
960 3939 1266 4054 distinguendus
1286 3943 1344 4030 est
1360 3945 1403 4030 in
1417 3949 1527 4030 duos
1549 4003 1564 4045 ,
1594 3971 1723 4034 unum
1745 3950 1840 4036 huic
1858 3959 1979 4062 plano
1997 3985 2099 4068 per.

555 4053 862 4164 pendicularem
884 4106 897 4147 ,
930 4054 1104 4139 alterum
1124 4051 1258 4138 eidem
1285 4057 1542 4164 parallelum:
1573 4077 1709 4142 motus
1729 4077 1866 4148 autem
1884 4067 2106 4174 paralleli„

555 4181 774 4272 propterea
795 4165 905 4268 quod
926 4185 1098 4270 corpora
1119 4182 1241 4272 agant
1261 4163 1302 4248 in
1321 4161 1362 4247 se
1381 4163 1558 4248 invicem
1579 4163 1803 4252 secundum
1822 4173 1971 4260 lineam
1990 4175 2096 4266 huic

553 4273 677 4382 plano
705 4271 1083 4378 perpendicularem
1103 4328 1116 4366 ,
1157 4271 1362 4355 retinendi
1381 4271 1469 4356 sunt
1489 4271 1613 4354 iidem
1634 4273 1721 4382 post
1739 4275 2010 4375 reflexionem
2030 4311 2099 4376 at.

555 4407 638 4494 que
654 4397 773 4462 antea
787 4413 797 4470 r
810 4375 851 4460 dt
873 4377 1051 4464 motibus
1070 4379 1470 4486 perpendicularibus
1491 4381 1738 4468 mutationes
1757 4392 1933 4496 aequalet
1951 4393 2099 4502 inpar.

460 4493 467 4506 '
557 4510 618 4573 tes
637 4483 857 4570 contrarias
881 4485 1109 4572 tribuendae
1127 4487 1220 4575 suot
1241 4483 1326 4581 fic,
1363 4507 1407 4574 ut
1426 4487 1579 4572 summa
1600 4487 1919 4603 conspirantium
1948 4501 2098 4592 &dif-

554 4593 728 4680 ferentia
746 4596 1044 4680 contrariorum
1074 4615 1235 4680 maneat
1254 4599 1398 4682 eadem
1416 4622 1510 4706 quae
1527 4593 1648 4702 prius.
1685 4601 1748 4684 Ex
1769 4603 2002 4708 hujusmodi
2022 4640 2099 4700 re-

554 4700 800 4810 flexionibus
822 4701 917 4786 oriri
939 4704 1060 4790 etiarn
1079 4703 1209 4788 solent
1228 4725 1365 4790 motus
1382 4707 1600 4791 circulares
1621 4730 1843 4814 corporum
1863 4718 1970 4802 circa
1990 4711 2115 4808 cen.'

556 4832 617 4898 tra
634 4810 806 4920 propria.
862 4807 942 4896 Sed
953 4811 1028 4897 bos
1053 4810 1164 4900 casus
1183 4813 1223 4897 in
1243 4811 1509 4922 sequentibus
1529 4833 1615 4894 non
1633 4815 1870 4922 consrdero,
1894 4823 1935 4926 ὃς
1962 4829 2117 4926 nimis,

554 4921 726 5032 longum
743 4913 841 5005 esset
859 4919 995 5006 omnia
1015 4919 1096 5006 huc
1112 4918 1325 5029 spectantia
1343 4919 1631 5006 demonstrare.
1975 4931 1985 4986 ἑ
2207 4977 2208 4982 a
