4408 5690
416 299 1382 466 ratacnrxfma'nuuxrmx
1595 341 1679 482 isa*
1794 373 1874 516 ᾖ

129 539 328 627 callorum
347 540 490 648 plena,
501 545 686 648 pondere
703 542 776 633 suu
794 545 1008 630 tendendo
1025 543 1139 632 silum
1151 606 1163 645 ,
1176 549 1350 658 augebat
1369 545 1671 658 longitudinem
1697 531 1842 648 ξω,
1863 645 1870 658 ,Ι
2006 555 2008 560 ’

126 648 325 762 penduli,
362 649 656 762 contrahebam
677 651 788 738 silom
810 675 856 736 ut
881 653 1048 759 penduli
1071 651 1155 761 jam
1175 657 1391 742 oscillantis
1408 658 1552 740 eadem
1572 651 1890 739 effersacuxoua'

131 759 355 868 longitudo
378 783 423 841 ac
441 759 567 866 prius.
596 759 706 874 Dein
725 759 976 869 penduload
994 764 1134 874 ⁴locum
1155 765 1289 870 primo
1312 767 1499 870 notatqtn'
1519 781 1670 852 retrac-
1809 765 1814 773 ’

129 890 172 952 to
192 895 243 952 ac
261 859 423 950 dimisso
433 869 719 961 ,numerabam
736 867 1009 976 oscillationes
1023 869 1139 978 qu'asr
1156 869 1409 984 septuaginta
1428 871 1471 958 &
1488 875 1668 980 septem,

128 981 266 1062 donec
285 975 399 1084 pyxis
420 979 627 1080 odiosum
648 977 829 1064 secundo
849 998 1040 1081 notatum
1058 980 1232 1077 rediret,
1252 984 1511 1092 totidemque
1530 979 1670 1071 subin·

129 1091 180 1170 de
204 1089 354 1168 donec-
371 1083 486 1194 pyxis
506 1086 556 1168 ad
584 1086 722 1170 locum
741 1087 867 1170 tertio
887 1107 1074 1170 notatum
1095 1089 1271 1188 redires,
1295 1095 1427 1200 'arque
1441 1089 1583 1175 rursus
1603 1109 1670 1174 to-

129 1195 259 1279 tidem
285 1195 420 1276 donec
447 1194 560 1304 pyxis
596 1201 729 1278 reditu
754 1193 835 1280 sno·
856 1195 1078 1304 attingeret
1115 1196 1254 1282 locum
1283 1220 1486 1308 quartum.
1544 1201 1667 1282 Unde

132 1303 339 1402 concludo
359 1305 476 1410 quod
503 1295 825 1387 resistentiatota
839 1303 1002 1414 pyxidis
1022 1304 1152 1408 plenae
1172 1331 1254 1390 non
1277 1315 1471 1412 majorem
1491 1305 1672 1392 habebat

130 1411 445 1524 proportionem
464 1413 514 1494 ad
534 1408 795 1494 resistentiam
872 1412 1274 1521 xidis-vaeuaequam
1299 1420 1349 1521 78
1368 1417 1419 1498 ad
1445 1439 1513 1524 77.
1549 1415 1668 1500 Nam

82 1539 85 1548 ’
132 1525 160 1609 s
180 1521 356 1630 aequales
377 1515 736 1605 essent-ambarum
755 1438 1054 1624 reffld'entiaesp
1083 1520 1143 1604 xis
1158 1523 1278 1628 plena
1292 1525 1357 1608 ob
1376 1521 1458 1616 sim
1477 1523 1668 1622 suamin·

131 1632 243 1716 snam
269 1627 557 1736 septuagies&
578 1624 703 1714 osiies
721 1627 923 1737 ,majorem
944 1627 982 1710 vi
1001 1544 1293 1739 indtapyxidis
1312 1657 1476 1726 tracuae,
1503 1646 1669 1716 motum

129 1741 246 1827 suurn
268 1735 558 1820 oscillatorium
586 1755 702 1820 tanto
731 1733 1371 1836 diutiusconservaredeberet,
1417 1759 1544 1848 atque
1561 1739 1671 1823 adeo

130 1843 348 1954 completis
372 1843 530 1954 semper
556 1844 876 1946 oscillationibus
899 1847 948 1947 78
968 1845 1019 1926 ad
1038 1843 1125 1928 soca
1146 1843 1214 1932 illa
1232 1867 1371 1934 notata
1391 1849 1537 1935 redire.
1574 1843 1673 1956 lle-3

131 1961 203 2044 diis
225 1977 366 2038 autem
384 1956 597 2038 adeadem
617 1955 832 2060 completis
851 1951 1169 2038 oscillationibus
1192 1979 1255 2060 77.
1298 1981 1301 1988 ⁴

145 2147 151 2156 .
184 2061 414 2172 Designet'
448 2063 530 2146 ‘tur
549 2068 587 2148 A
607 2061 871 2164 resistentiam
896 2059 1056 2172 pyxidis
1081 2060 1123 2144 in
1144 2062 1262 2169 ipsrus
1290 2064 1502 2175 superficie
1532 2075 1672 2152 exterss

132 2205 181 2262 na
203 2233 217 2273 ‚
238 2170 282 2261 dt
305 2170 338 2257 Β
359 2089 619 2258 resglientiam
640 2172 799 2282 pyxidis
818 2197 954 2256 sacuae
975 2171 1016 2254 in
1038 2169 1217 2292 partibus
1240 2175 1435 2272 internis;
1464 2173 1508 2258 dt
1527 2167 1559 2258 si
1577 2172 1670 2257 reli·

134 2281 292 2371 slentiae
318 2305 538 2388 corporum
568 2281 881 2390 aequivelocium
901 2277 1141 2390 inpartibus
1170 2281 1342 2366 internis
1367 2280 1443 2366 srnt
1463 2302 1508 2366 ut
1538 2288 1668 2367 mate·

133 2397 213 2493 ria,
233 2389 306 2476 seu
320 2388 522 2478 'numerus
540 2389 830 2499 particularum
880 2387 997 2471 uibus
1019 2382 1234 2474 resrslirort
1253 2391 1339 2474 erit
1360 2387 1674 2496 7llBres1lien·

135 2511 188 2589 tia
217 2499 383 2610 pyxidis
409 2501 533 2606 plene
550 2503 593 2584 in
613 2495 732 2606 ipsius
745 2498 862 2602 parti
895 2523 948 2580 us
971 2493 1163 2578 internis:
1200 2501 1388 2607 adeoque
1420 2499 1581 2608 pyxidis
1600 2523 1670 2583 va·

134 2637 221 2698 cuae
248 2602 466 2718 resistentia
494 2627 581 2692 tota
602 2611 641 2692 A
658 2628 702 2679 ψ
720 2604 756 2688 Β
776 2604 853 2690 erit
881 2607 935 2687 ad¹
990 2601 1127 2717 yxidis
1140 2608 1280 2712 plenae
1310 2603 1572 2692 resistentiam
1599 2625 1667 2691 to·

134 2627 1670 2820 tamA-t-78Rutyyad78‚‚&divisrpmAa-Bad775,ut77adr,

134 2823 680 2936 iudeqoena-tsadssut
703 2836 884 2931 7.7><77
905 2821 1025 2918 adt,
1074 2822 1667 2932 &divismAadBut5928
1726 2916 1728 2920 ,

135 2942 181 3022 ad
218 2965 251 3023 r.
297 2929 386 3023 llll
414 2931 549 3041 igitur⁴
577 2931 794 3030 resistentia
820 2931 998 3039 ‚pyxidis
1026 2941 1246 3021 vacuae-in
1276 2935 1460 3040 partibus
1497 2932 1670 3017 internis

136 3047 358 3160 quinquies
376 3043 520 3126 millies
535 3043 670 3126 minor
689 3065 813 3148 quam
840 3036 1023 3138 ejusdem
1040 3041 1262 3130 resistentia
1282 3041 1327 3122 in
1348 3063 1513 3129 externa
1527 3039 1669 3144 ⁴strper-

135 3157 251 3255 licie‚
285 3155 325 3240 δι
355 3151 538 3258 amplius.
596 3147 662 3234 Sic
680 3173 780 3230 vero
799 3142 1048 3251 disputamus
1076 3174 1129 3231 ex
1148 3143 1378 3254 Hypothesr
1398 3146 1511 3252 quod
1538 3141 1673 3252 major

133 3267 199 3352 illa
217 3261 437 3349 resrstentia
466 3258 627 3368 pyxidis
645 3259 802 3362 plenae,
838 3276 927 3336 non
946 3247 996 3332 ab
1015 3254 1089 3338 alia
1108 3254 1242 3360 aliqua
1260 3249 1372 3334 causa
1391 3254 1545 3336 latente
1566 3251 1672 3339 oria·

136 3395 201 3458 tur
221 3431 235 3472 ,
252 3424 256 3432 ·
272 3373 342 3458 sed
361 3368 412 3454 ab
430 3363 589 3452 afflone
607 3366 690 3450 sola
709 3361 843 3448 Fluidi
862 3357 1030 3462 alicujus
1058 3361 1216 3448 subtilis
1239 3360 1282 3444 in
1303 3360 1512 3442 metallum
1539 3344 1683 3444 inclu··

134 3482 237 3566 sum.
596 3519 603 3532 ·
1227 3508 1229 3512 ·

189 3587 293 3676 Hoc
312 3585 639 3694 experimentum
659 3580 826 3666 recitavi
846 3581 1097 3680 memoriter.
1154 3579 1260 3664 Nam
1280 3575 1438 3676 charta,
1463 3574 1506 3660 in
1532 3599 1614 3684 qua
1623 3573 1670 3664 is·

135 3701 206 3784 lud
226 3697 446 3807 aliquando
473 3691 776 3799 descripseram,
795 3691 1019 3794 intercidit.
1085 3685 1207 3776 Unde
1224 3686 1365 3772 sradlas
1382 3683 1574 3794 quasdam
1593 3709 1690 3773 nu«.

137 3831 347 3894 merorum
374 3821 532 3912 partes,
558 3824 651 3908 quae
671 3799 868 3884 memoria
895 3800 1173 3900 exciderunt,
1223 3795 1417 3880 omittere
1437 3791 1669 3900 compulsus

137 3919 232 4002 som.
288 3913 394 3998 Nam
414 3913 550 4023 omnia
568 3915 709 3994 denuo
729 3925 888 3990 tentare
907 3930 991 3990 non
1011 3930 1136 3994 vacat.
1192 3905 1325 3990 Prima
1346 3903 1574 4002 sice,cutn
1594 3926 1685 4007 ung

137 4053 188 4110 co
215 4021 384 4108 infirmo
409 4017 503 4103 usus
529 4016 688 4108 essem,
722 4015 839 4124 pyxis
864 4013 981 4117 plena
1008 4017 1129 4118 citius
1148 4011 1439 4099 retardabatur.
1494 4007 1688 4094 Causam,

138 4133 387 4242 quaerendo,
406 4126 542 4234 reperi
560 4127 673 4234 quod
692 4145 824 4211 uncus
843 4117 1025 4204 infirmus
1044 4123 1216 4206 cedebat
1236 4122 1408 4226 ponderi
1428 4117 1586 4227 pyxidis
1598 4174 1611 4214 ,
1623 4115 1671 4202 dt

137 4248 223 4346 ejus
239 4229 852 4342 oscillationibusobsequendo
865 4227 908 4312 in
927 4248 1060 4335 partes
1077 4254 1223 4315 omnes
1243 4223 1495 4335 lieslebatur.
1549 4221 1695 4323 Para..

138 4349 230 4432 bam
250 4349 378 4458 igitur
396 4367 549 4435 uncum
562 4341 760 4436 sirmum,
784 4356 830 4424 ut
851 4335 1048 4444 punslurrr
1066 4331 1329 4446 suspensionis
1346 4337 1566 4420 immotum
1585 4355 1672 4441 maa

132 4447 279 4560 neret,
309 4453 356 4540 de
373 4473 473 4542 tunc
495 4449 703 4541 omniaita
724 4464 954 4534 evenerunt
972 4448 1034 4534 uti
1051 4443 1169 4557 supra
1188 4441 1475 4556 descripsimus.

630 4860 637 4877 ·
798 4831 1036 4933 opat:
1418 4819 1675 4916 suom-o
