4390 5680
358 404 716 501 attractata
771 403 1341 501 ,matermortua
1584 437 1665 528 aa

112 593 635 710 politionemieavabunt,
683 595 759 684 rifi
789 623 863 706 per
884 595 968 684 vim
987 597 1166 712 aliquam
1186 601 1350 686 retenti.
1405 587 1663 691 Ceffantibut
1717 617 1857 693 orara
1967 635 1969 640 ·

91 731 251 794 autem
282 705 533 792 uiribubillis
563 733 657 818 quae
686 713 730 793 in
758 707 906 820 globos
927 705 1169 792 'constanter
1199 705 1391 818 impressa
1419 704 1662 803 conservant
1689 699 1887 776 ssimum*
1967 761 1972 768 ·

110 818 235 908 hosce
255 837 429 911 matur,
475 827 645 903 materia
673 817 729 902 ob
758 818 961 902 rationem
989 820 1032 902 in
1053 817 1284 903 Corollaria
1306 820 1432 905 tertio
1452 820 1494 906 &
1515 845 1667 935 quarto

112 928 373 1040 affiguntur,
395 927 601 1033 paulatim
618 926 851 1039 requiescet
874 927 981 1012 &in
1001 925 1234 1014 Vorticrsa
1268 929 1279 1012 i
1299 927 1471 1016 desinet.

162 1039 286 1121 Θυνοί.
312 1062 347 1144 7.
375 1033 417 1122 Si
439 1033 615 1122 sluiduoi
633 1036 809 1123 similare
826 1038 1044 1123 claudatur
1054 1035 1102 1122 ‘in
1122 1033 1214 1122 vale
1235 953 1456 1145 saliono,
1478 1068 1527 1128 ac
1552 1045 1671 1157 globi

112 1151 153 1235 in
171 1168 319 1234 centro
340 1142 591 1231 consistentis
623 1145 820 1232 uniformi
840 1149 1048 1231 rotatione
1068 1167 1210 1257 agatur
1239 1148 1283 1231 in
1305 1147 1550 1251 Vorticcm,
1579 1158 1667 1266 glo·

113 1261 189 1344 bus
207 1279 346 1343 autem
379 1256 423 1341 dt
443 1281 511 1339 uas
530 1257 572 1341 in
591 1260 764 1342 eandem
782 1278 944 1367 partem
961 1257 1070 1340 circa
1092 1281 1212 1340 axem
1246 1261 1428 1344 eundem
1448 1263 1664 1352 revolvan-

117 1388 184 1454 tur
206 1425 219 1464 ,
244 1366 403 1478 sintque
430 1390 576 1450 eorum
596 1385 783 1476 tempora
803 1366 1014 1477 periodica
1042 1383 1090 1451 ut
1120 1369 1318 1474 quadrata
1345 1363 1666 1462 semidiametro·

114 1503 230 1564 rum:
257 1497 393 1586 partes
411 1470 530 1576 fluidi
553 1501 641 1561 non
658 1476 771 1585 prius
790 1473 1105 1585 perseverabunt
1124 1482 1167 1559 in
1196 1473 1475 1566 motibussuis
1494 1473 1577 1566 stne
1596 1509 1681 1594 ac«,

114 1588 365 1674 deieratione
381 1583 427 1670 dr
447 1587 750 1684 retardatione,
770 1611 895 1696 quam
917 1582 992 1670 lint
1010 1609 1161 1670 eorum
1174 1603 1368 1693 tempora
1387 1581 1597 1696 periodica
1615 1611 1665 1678 ut

141 1700 311 1813 uadrata
330 1692 651 1784 distantiaru'ma
670 1713 820 1782 centro
844 1693 1046 1784 Vorticir.
1070 1719 1075 1724 ·
1118 1694 1213 1780 ntia
1227 1694 1544 1803 nullavorticir
1564 1717 1671 1788 cone

145 1801 798 1920 'tutiopotesbesscperman'ena
1072 1862 1077 1870 ·
1147 1807 1149 1816 ’

163 1917 297 2003 Corol·
312 1919 349 2002 8.
375 1916 505 2002 Siras
527 1974 542 2028 ,Ι
580 1911 758 2004 fluidum
786 1913 983 2001 inclusum
1004 1911 1047 1998 &
1077 1912 1227 2024 globus
1253 1913 1417 2006 servent
1437 1917 1551 2006 bunc
1571 1937 1667 2020 mo·-

112 2051 227 2126 tum‚
260 2025 304 2110 dc
325 2045 443 2112 motu
461 2043 660 2134 praeterea
677 2025 890 2112 'communi
904 2023 1089 2136 angulari
1102 2026 1220 2110 circa
1239 2048 1358 2112 axem
1383 2025 1573 2138 quemvis
1592 2033 1666 2118 da·

111 2160 200 2223 mm
228 2138 526 2232 revolvantur;¹
563 2135 761 2248 quoniam
793 2135 876 2248 boc
904 2155 1023 2220 mota
1050 2159 1165 2220 noro
1194 2157 1282 2220 non
1301 2155 1483 2223 mutatur
1500 2140 1666 2228 attritur

110 2248 287 2358 partium
307 2243 486 2332 fluidita
505 2244 768 2343 seinvicem,
796 2269 884 2357 non
904 2243 1177 2331 mutabuntur
1191 2267 1330 2330 motur
1348 2247 1525 2355 partiam
1541 2245 1664 2350 ,inter

109 2359 162 2443 se.
226 2356 334 2444 Nam
352 2352 835 2464 transsationes-partium
856 2355 966 2440 inter
986 2355 1028 2438 se
1050 2355 1247 2459 pendent
1276 2353 1330 2439 ab
1349 2357 1507 2442 attritu.
1564 2357 1663 2444 Pars

110 2467 309 2578 quaeliber
329 2467 445 2552 ineo
467 2464 740 2573 perseverabit
762 2483 906 2563 motu,
934 2487 1022 2578 quo
1047 2464 1098 2550 tit
1119 2461 1165 2548 ut
1186 2463 1330 2550 attritu
1350 2467 1669 2572 exunolatere

109 2603 196 2664 non
215 2575 344 2688 magia
370 2575 559 2672 tardetur
577 2600 703 2686 quam
721 2573 979 2660 acceleretur
1002 2573 1147 2658 attritu
1166 2589 1220 2662 ert
1236 2573 1380 2661 altero.
1654 2591 1657 2596 ’

161 2687 290 2771 Coros.
311 2711 349 2792 9.
377 2688 499 2769 Unde
509 2685 546 2766 'fi
566 2711 634 2770 ras
653 2683 831 2800 quiescat
848 2709 896 2768 ac
919 2685 1046 2767 detur
1063 2704 1203 2767 motus
1224 2683 1361 2794 globi,
1389 2684 1662 2772 dabitur'mo*

109 2821 176 2918 tus
193 2795 327 2882 fluidi.
392 2795 507 2878 Nam
537 2793 899 2904 concipepianum
923 2791 1090 2880 transire
1111 2819 1183 2912 per
1203 2815 1324 2878 axem
1345 2795 1459 2908 globi
1477 2795 1667 2904 &motu

107 2906 322 2994 coartatio
344 2903 523 3003 revolvi3
554 2903 597 2988 ἃ
615 2925 727 3014 pone
744 2902 945 2988 summam
964 2907 1162 3010 temporis
1179 2905 1456 3014 revolutionir·
1469 2905 1590 3013 natus
1603 2904 1655 2992 dc

108 3015 382 3104 revolutionis
398 3013 509 3124 globi
528 3012 609 3098 esse
631 3015 684 3098 ad
704 3034 868 3122 ternpus
883 3012 1313 3120 revolutionitglobia
1348 3038 1394 3099 ut
1408 3020 1668 3206 Zuadrarum

96 3125 405 3226 ,semidiametri
424 3121 521 3207 vasis
547 3126 600 3207 ad
626 3124 876 3233 quadratum
897 3117 1198 3230 ‚semidiametri
1221 3120 1366 3228 globi:
1449 3139 1666 3232 ‘tempora

106 3237 319 3348 periodica
337 3234 514 3345 patrium
536 3229 653 3318 fluidi
666 3227 853 3339 'respesio
874 3227 989 3337 plani-
1001 3225 1153 3340 buius,
1169 3250 1297 3312 erunt·
1316 3247 1363 3313 ut
1383 3231 1584 3340 quadrata·
1600 3232 1663 3318 di·

108 3345 532 3436 stantiarumsuarum
548 3371 570 3427 a
589 3361 741 3426 centro
755 3339 881 3450 globi.
903 3387 905 3394 =

44 3467 49 3476 '
159 3457 289 3542 Coros.
316 3481 380 3539 ro.
395 3439 585 3560 „Proinde
607 3450 634 3534 sr
656 3475 723 3536 vas
745 3452 811 3534 vel
831 3449 940 3534 circa
960 3471 1083 3533 axem
1098 3451 1281 3532 eundem·
1297 3472 1398 3532 com
1414 3445 1573 3559 globo,
1590 3453 1661 3564 vel

105 3569 217 3652 circa
231 3562 443 3650 'diversum
463 3562 782 3672 aliquem-data
797 3577 895 3643 cunr
914 3559 1137 3670 uelocitate·
1152 3579 1404 3668 quacunque
1422 3568 1658 3662 moveatur,

104 3677 433 3762 dabiturnrotur
452 3667 581 3757 sinidi.
653 3671 778 3756 ¹Naur-
794 3667 826 3754 sa
842 3667 1053 3781 Syliemati
1078 3666 1384 3752 toriaoseratur
1403 3666 1666 3757 vaframorus·

102 3786 348 3898 argutam,
386 3783 611 3867 manebunt
637 3801 778 3865 motus
806 3805 948 3864 omnes
975 3781 1101 3863 iidem
1122 3779 1231 3862 inter
1257 3776 1299 3862 se
1327 3780 1660 3890 qui·prius‚1per

104 3899 258 3982 Coros·
282 3895 319 3984 8.
350 3885 957 4016 Et‘moturistiperCorol.9=;
986 3889 1207 3974 dabuntur.
1444 3993 1446 4000 k
1576 3901 1582 3918 ‘

156 4004 289 4091 Caras.
321 4033 382 4087 ιι.
418 4001 460 4087 Si
482 4028 549 4087 var
569 4001 612 4086 dt
649 3997 825 4112 fluidum
858 3998 1072 4107 quiescant
1102 3999 1144 4081 δι
1175 3995 1321 4106 globus
1342 3995 1546 4084 uniformi
1560 4025 1665 4088 cum·

101 4139 227 4204 motu
248 4114 482 4198 revolvatur
501 4137 514 4204 ,·
540 4108 828 4226 propagabitur
847 4127 987 4191 moror
1004 4108 1198 4215 paulatim
1226 4131 1299 4212 per
1327 4101 1503 4192 fluidum
1523 4127 1667 4194 totum·

97 4229 143 4313 io
168 4253 267 4320 var,
291 4222 338 4308 dr
370 4223 677 4332 circumagetur
698 4241 765 4302 vas
780 4215 858 4304 nisi
874 4217 1078 4301 violenter
1097 4219 1348 4313 detentum,
1389 4241 1528 4328 neque
1546 4223 1659 4329 priua

94 4335 295 4422 desinent
316 4329 491 4422 fluidum
515 4331 556 4415 &
572 4353 644 4442 vas
663 4325 905 4419 accelerari.
934 4342 1060 4438 qutm
1081 4322 1156 4409 sant
1178 4341 1323 4408 eorum
1345 4345 1536 4437 tempora¹
1553 4329 1667 4430 peri··

93 4447 230 4533 odica
255 4440 428 4552 aequalia
453 4441 710 4551 temporibus
740 4436 959 4547 periodicir
979 4433 1113 4548 globi.
1179 4433 1356 4543 Quodsi
1377 4440 1501 4520 varri
1521 4438 1664 4548 aliqua*

89 4560 346 4656 detineatur
373 4551 445 4636 vel.
465 4548 701 4648 revolvatur
723 4570 845 4632 motu¹
871 4550 1020 4657 quovis
1038 4541 1241 4630 constanti
1262 4543 1305 4628 dc
1335 4545 1556 4647 uniformi,
1586 4551 1670 4635 de·-

88 4667 248 4754 veniet
266 4660 460 4748 Medium
480 4660 677 4770 paularim·
693 4659 743 4742 ad
762 4655 909 4768 statum
931 4678 1068 4741 motus
1101 4657 1145 4739 in
1166 4653 1405 4739 Corollariis
1426 4657 1460 4738 8.
1480 4687 1518 4762 9.
1537 4657 1576 4739 dr
1599 4685 1660 4746 roa

86 4774 305 4873 definiti,
343 4797 422 4857 nec
440 4769 587 4856 in‘alio
608 4790 798 4876 unquam
820 4765 923 4850 statu
955 4789 1211 4877 quocunque
1231 4763 1524 4872 perseverabit«
1569 4767 1663 4849 De·

82 4891 205 4980 inde
238 4881 428 4978 torosir
460 4881 615 4967 viribus
641 4879 719 4966 iilis
745 4873 995 4990 cellentibus·
1024 4873 1176 4989 quibus
1207 4899 1287 4963 vas.
1307 4871 1350 4960 dr
1368 4875 1516 4988 globus
1532 4875 1668 5068 ceLtir

207 5036 212 5047 ·
1479 5003 1583 5069 tuou
1616 5009 1674 5072 ua
