4372 5678
535 345 616 460 '344
818 339 1362 436 PHlLOS²0PHlAE'
1394 337 1810 434 Nununnutu

308 557 363 652 D&
385 525 502 644 Μ
537 519 606 624 tus
631 499 710 590 ine
732 503 907 592 celerius
931 503 1327 633 propagabiturper
1345 503 1483 592 ⁴solunt
1502 529 1639 593 aerem
1664 533 1810 624 rerum
1829 533 1843 592 t
1873 507 2013 622 idque
2035 511 2089 598 iu
2174 499 2175 568 ἶ

308 639 511 732 comm
539 607 818 723 subduplicata
844 615 1006 700 ratione
1025 615 1195 700 minoris
1225 619 1412 703 materia.
1473 614 1534 700 Ut
1562 614 1897 726 fintmospnam
1924 619 2091 707 constet

538 746 593 807 ex
610 725 757 808 decern
775 725 960 830 partibus
976 724 1080 808 aeris
1092 724 1186 808 neri
1206 722 1351 810 &una
1368 744 1485 834 parte
1503 749 1718 834 vaporum,
1728 747 1869 820 tnotus
1885 727 2090 818 sonorum

538 833 713 917 colerior
732 833 811 917 erit
828 833 871 919 itr
883 833 1167 943 subduplioata
1184 840 1345 920 tatione
1370 859 1417 918 tr
1431 837 1483 920 ad
1497 861 1571 928 ro,
1596 835 1660 920 vel
1673 834 1721 918 in
1735 835 1901 946 integra
1918 839 2089 926 circiter

536 944 700 1028 ratione
722 970 767 1024 21
791 947 841 1028 ad
862 971 945 1037 zo,
991 959 1116 1052 quarn
1142 939 1177 1024 fi.
1188 961 1485 1054 propagaretur
1516 945 1805 1052 potundecirn
1826 969 1961 1054 partes
1979 951 2119 1036 aetia·

535 1053 642 1136 veri:
671 1052 853 1160 ideoque
872 1074 1008 1136 motus
1024 1050 1220 1138 sonorum
1241 1051 1354 1159 supra
1373 1051 1563 1140 inventus
1577 1108 1591 1149 ,
1607 1057 1821 1162 augendus
1840 1057 1920 1140 etit
1939 1058 1982 1142 in
2001 1059 2080 1144 lrac

540 1162 720 1355 rationo?i
770 1165 870 1272 Quo
888 1159 1008 1271 palio
1028 1159 1177 1256 sonus,
1201 1162 1566 1271 ternporeanrinuti
1586 1163 1708 1256 unlus
1724 1162 1891 1250 secundi
1912 1223 1927 1268 ,
1952 1167 2085 1253 confi·

539 1288 623 1354 clet
642 1296 692 1379 pe
724 1297 766 1356 es
794 1299 906 1376 1142.
2174 1359 2175 1362 ,

593 1377 702 1466 Haec
721 1381 777 1464 ita
798 1381 838 1465 se
860 1380 1010 1464 habere
1029 1379 1185 1466 debent
1206 1397 1402 1489 ‘ternpore
1416 1405 1552 1472 uerno
1572 1378 1624 1470 ἃ
1644 1381 1894 1480 autumnali,
1923 1383 1999 1470 ubi
2020 1415 2082 1474 aer
2174 1383 2175 1478 l

538 1513 613 1598 pet
640 1491 819 1576 colorent
834 1494 1113 1599 temperatum
1135 1489 1299 1575 rarescit
1321 1490 1467 1600 &ejus
1487 1489 1545 1576 vis
1565 1490 1723 1574 elastica
1745 1493 1933 1580 nonnihil
1952 1495 2082 1582 inten·
2174 1511 2175 1586 l

536 1601 661 1687 ditur.
716 1603 775 1682 At
799 1600 994 1708 byberno
1020 1622 1230 1706 tempore,
1259 1599 1330 1684 ubi
1351 1626 1428 1684 ‚aer
1447 1625 1528 1707 pet
1556 1597 1685 1708 frigus
1715 1604 2015 1696 condensatur,
2044 1611 2082 1692 dc
2174 1595 2175 1652 Ψ

539 1711 628 1812 eius
646 1707 706 1792 vis
725 1707 883 1793 elallica
900 1709 1149 1804 remittitur,
1162 1728 1298 1792 motus
1318 1707 1509 1798 sonorum
1529 1711 1682 1794 tardior
1692 1706 1774 1794 elle
1792 1709 1919 1796 debet
1939 1715 2082 1798 insub-

537 1817 744 2012 duffiara
769 1817 930 1903 ratione
957 1816 1190 1916 denfitatisr
1216 1815 1264 1902 dc
1293 1817 1457 1908 viciffitn
1485 1819 1625 1906 estivo
1653 1839 1841 1939 tempore
1858 1821 1986 1908 debet
2006 1822 2082 1910 elle

537 1953 589 2012 ue
673 1955 731 2012 or.
1633 1945 1638 1956 '

585 2036 767 2124 Constat
780 2057 927 2124 autern
942 2066 1019 2151 per
1039 2041 1320 2150 experimenta
1340 2043 1456 2151 quod
1475 2039 1564 2124 soni
1579 2057 1773 2150 tempore
1793 2040 1939 2128 nrintrti
1959 2043 2082 2130 unior

536 2143 702 2232 secundi
731 2152 912 2248 eund04
960 2152 1188 2237 conficiunt
1217 2152 1343 2261 pedes
1371 2147 1632 2259 Londinrnses
1663 2151 1753 2260 plus
1784 2153 1914 2238 miuus
1950 2179 2084 2262 1142,

537 2255 783 2368 Paristrrtses
804 2285 903 2342 vero
927 2285 1043 2366 1070.

589 2365 778 2479 Cognita
817 2367 1014 2453 sonorum
1046 2371 1273 2456 velocitate
1308 2368 1572 2456 innotescunt
1603 2368 1727 2453 etiarn
1756 2365 1967 2458 intervalla
1998 2369 2079 2480 pul·

534 2471 666 2562 suurn.
699 2476 865 2562 Invenit
881 2479 1031 2589 otique
1050 2481 1112 2565 D
1131 2479 1317 2562 Sauoatrr
1334 2481 1356 2590 (
1376 2475 1489 2564 fadis
1508 2507 1532 2562 a
1549 2477 1592 2564 se
1610 2475 1938 2588 experimentis)
1967 2479 2078 2589 quod
2174 2489 2175 2526 ¹

533 2579 665 2672 fistula
693 2607 858 2697 aperta,
885 2596 1002 2693 cujus
1023 2590 1246 2699 iongitudo
1270 2587 1332 2674 est
1356 2593 1513 2696 pedatu
1543 2585 1698 2694 Parosta
1738 2613 1815 2670 rant
1830 2591 1923 2698 olus
1944 2593 2077 2674 minut

538 2696 929 2807 quinque,.sonutn
953 2700 1255 2809 edtojusdem
1282 2699 1375 2784 notri
1404 2725 1501 2784 curn
1529 2695 1638 2785 sono
1653 2696 1827 2782 chorda
1854 2723 1949 2808 quae
1980 2719 2076 2784 tenr-

533 2807 640 2912 po're
667 2807 819 2891 minuti
855 2806 977 2891 unius
1010 2807 1181 2893 secundi
1219 2807 1376 2893 centies
1411 2806 1600 2892 recurrit.
1659 2803 1766 2890 Sunt
1794 2805 1922 2917 igitur
1946 2807 2075 2918 pulsus

532 2914 626 3030 plus
654 2915 791 2999 tninua
819 2935 988 3000 eentum
1018 2917 1060 3000 in
1084 2917 1215 3029 spatio
1243 2921 1396 3024 pedum
1425 2911 1698 3022 Parilrnstam
1723 2941 1854 3015 1070,
1944 2915 2072 3002 osso·
2174 2983 2175 3022 ᾗ

534 3043 821 3134 nosteropore
848 3025 999 3112 minuti
1028 3029 1149 3134 unius
1167 3027 1334 3113 secundi
1346 3023 1581 3134 ‚percurritr
1603 3025 1793 3132 adeoque
1821 3027 1893 3132 pul
1912 3051 2074 3112 utunut
2174 3071 2175 3090 ÷

531 3151 710 3248 occupat
742 3133 913 3244 spatium
944 3139 1096 3245 pedum
1128 3133 1401 3240 Parisrenstrtm
1428 3131 1540 3244 quali
1565 3143 1667 3233 1030,
1704 3131 1857 3230 idest,
1905 3137 2074 3244 duplant
2174 3109 2175 3182 l

532 3237 701 3327 oi'rclter
719 3239 1024 3356 longitudinem
1044 3245 1214 3332 fistula}
1242 3243 1378 3330 'Unde
1397 3241 1611 3328 verifimile
1630 3241 1688 3326 est
1703 3244 1821 3351 'quod
1842 3243 2073 3330 latitudines
2174 3231 2175 3260 ¹

531 3350 748 3457 pulsuum,
777 3356 1284 3463 in'omniutnnoertatum
1301 3351 1534 3442 fistularum·
1547 3350 1677 3446 sonis,
1707 3373 1928 3462 aequontut
1945 3357 2075 3465 duplis

532 3459 863 3572 longitudinibus
880 3463 1113 3550 fistularum

562 3595 572 3609 ·
589 3570 723 3655 Porro
745 3599 818 3659 cur
841 3573 930 3658 soni
949 3573 1128 3660 cessante
1147 3595 1265 3669 motu
1286 3573 1470 3680 corporis
1488 3569 1778 3658 sonoti'statinr
1798 3567 1978 3675 cellam,
2005 3603 2076 3662 ne·

532 3703 617 3790 que
634 3679 790 3767 diutius
812 3685 1038 3768 audiuntur
1058 3685 1130 3768 ubl
1149 3681 1379 3793 longiffitne
1399 3681 1590 3768 distamus
1608 3710 1631 3766 a
1650 3681 1894 3788 corporibus
1904 3681 2072 3782 sonoris,
2174 3745 2175 3750 a

530 3811 655 3900 quarn
685 3815 780 3878 cunr
814 3802 1002 3900 proxime
1039 3794 1255 3887 absumus,
1301 3811 1494 3898 patet-ex
1522 3789 1754 3876 Corollario
1779 3789 2074 3900 Propolitionia

528 3921 643 3984 xuvn
663 3899 778 3988 Libri
797 3903 927 4010 hujus.
987 3899 1069 3987 Sed
1089 3903 1132 3985 dr
1152 3927 1227 3985 cur
1246 3899 1333 3986 soni
1354 3901 1397 3984 in
1415 3897 1551 3985 Tubis
1571 3895 1938 4008 stenterophonicis
1956 3907 2076 3992 valde

528 4031 764 4122 augentur,
800 4039 850 4096 ex
869 4009 997 4095 allatis
1020 4010 1229 4121 principiis
1245 4005 1505 4094 manifestum
1526 4008 1595 4094 est.
1638 4005 1788 4094 Motus
1808 4007 1914 4094 enirn
1935 4015 2077 4099 omnir

526 4122 765 4226 reciprocus
784 4119 947 4232 singulis
967 4118 1196 4205 recursibus
1216 4147 1239 4204 a
1256 4119 1377 4204 causa
1397 4139 1620 4229 generante
1649 4118 1788 4228 augeri
1808 4116 1921 4202 folet.
1975 4123 2078 4207 Mo·

527 4247 595 4312 rut
614 4249 752 4314 aurern
772 4231 815 4316 in
828 4231 959 4315 Tubis
978 4232 1259 4315 dilatationem
1278 4227 1473 4314 sonorum
1493 4227 1836 4336 inpedientibus,
1862 4227 2021 4316 tardius
2040 4260 2081 4316 a·

526 4339 708 4423 mittitur
738 4339 779 4424 δι
807 4339 956 4426 fortius
974 4341 1148 4425 recurrit
1170 4397 1183 4435 ,
1216 4337 1257 4422 dr
1278 4359 1494 4538 profferea
1516 4365 1537 4424 a
1557 4359 1672 4422 motu
1693 4362 1806 4426 novo
1826 4331 1993 4448 lingulis
2015 4369 2079 4428 te·

526 4446 704 4532 eutstbnt
719 4447 948 4557 impreffo,.
963 4449 1090 4562 magis
1115 4469 1302 4561 augetur,
1399 4467 1414 4534 t
1439 4447 1531 4534 haec
1557 4447 1647 4536 suut
1668 4448 1879 4562 precipua
1900 4445 2080 4538 Pbaeno

417 4653 422 4668 ,
523 4577 647 4672 metra
666 4557 885 4648 Sonoturn.

1718 4915 2080 5025 tuc‘mo
