4454 5660
573 325 656 412 47²
831 287 1338 388 PHILOSOPHIAE
1370 287 1801 389 NATURALIS.

380 443 426 505 θ’
450 441 687 528 Mundae.
737 433 850 526 Cum
875 459 1014 524 autem
1032 435 1206 548 gravitas
1224 459 1450 549 corporum
1475 434 1720 530 terrestrium
1741 440 2045 536 murmura

376 527 614 644 5”’”““ἱιι
640 551 904 664 corporibus,
926 552 1108 664 ideoque
1131 547 1286 636 servata
1302 549 1529 667 qmntitate
1544 554 1721 640 materie
1732 557 1898 644 intendi
1916 558 1964 645 dc
1979 589 2065 650 re«.

572 665 1116 894 malfam
1136 663 1496 866 nessaeo
1509 664 2049 894 {mamus-“iffi

577 897 650 986 cui
664 897 831 982 innatat.
883 896 973 980 Aer
988 890 1561 1006 illepe‘roaluremrrresafim
1578 895 1793 994 demde·
1806 895 2045 1008 obdim'm

580 1029 666 1098 tan
691 1010 804 1098 suam
817 1011 1059 1140 grayimem
1077 1005 1325 1120 specificam.
1357 1007 1406 1094 δι’
1418 1007 1581 1096 sumum
1598 1011 1851 1122 implicamm
1868 1015 2051 1147 rapittse·

581 1351 629 1438 iu
645 1345 1190 1440 reflexionemefmfflone.
1215 1351 1430 1436 Particulae
1439 1347 1698 1460 ressedentes
1714 1379 1765 1438 ea
1780 1348 2056 1442 astionecale·

580 1461 697 1552 facta
715 1464 1099 1552 calefacieutauram
1116 1465 1335 1550 ethereum
1353 1465 1699 1578 cuiimplicantur.
1749 1463 1819 1552 Illa
1836 1468 1973 1556 calore
1983 1467 2058 1558 fibi

463 1586 467 1593 '
582 1579 888 1666 communicato
911 1577 1098 1675 faterier,
1122 1575 1167 1662 δι
1197 1577 1253 1662 ob
1283 1579 1526 1664 diminutam
1554 1606 1601 1664 et
1628 1579 1793 1666 nritate
1816 1583 2057 1691 gravitatem

583 1692 699 1780 suam
714 1690 942 1804 specificam
958 1717 1041 1804 qua
1055 1691 1166 1804 pr'rus
1182 1692 1378 1778 tendebat
1395 1693 1440 1778 in
1461 1690 1836 1789 Solem,·ascendet
1854 1694 1899 1780 ὅ(
1915 1697 2056 1786 secum

583 1801 1504 2032 nemausensem
1519 1805 2062 2032 ssltslllsal‘arffl

585 2034 634 2120 ἃ
650 2059 703 2122 ea
718 2027 876 2120 afflone
908 2051 1107 2120 conantur
1124 2059 1147 2115 a
1173 2029 1268 2117 Sole
1288 2033 1503 2122 recedere,
1531 2051 1574 2118 at
1593 2033 1697 2120 Solis
1715 2037 1993 2148 Atmuspltera
2011 2041 2057 2126 ἃ

586 2148 756 2236 materia
779 2147 987 2234 caelorum
1010 2147 1076 2232 vel
1093 2146 1211 2258 plane
1228 2147 1421 2261 quiescit,
1445 2147 1648 2254 velmo'tu
1666 2147 1752 2235 solo
1763 2160 1896 2263 quem
1914 2151 2060 2242 ab'olis

583 2263 792 2350 rotatione
819 2261 1073 2372 acceperint,
1097 2259 1265 2346 tardius*
1376 2283 1456 2347 tur.
1506 2257 1590 2346 Hae
1614 2261 1708 2348 sunt
1733 2264 1861 2352 catusae
1880 2266 2064 2356 ascensus

584 2376 809 2464 caudarum
824 2375 870 2460 in
887 2375 1034 2460 vicinia
1051 2370 1176 2472 Solis,
1202 2373 1275 2462 ubi
1334 2375 1426 2460 rbes
1444 2377 1652 2462 ctuviores
1664 2375 1782 2475 suut,
1809 2376 1853 2464 δι
1871 2379 2064 2470 Cometae

587 2488 695 2578 intra
711 2487 941 2576 densiorem
959 2487 1003 2572 δι
1020 2513 1068 2572 ea
1084 2488 1243 2574 ratione
1260 2489 1489 2600 graviorem
1508 2485 1610 2574 Solis
1627 2491 1952 2604 Atmosphoemm
1959 2523 2064 2586 cou-

588 2597 748 2697 ststunt.
777 2601 821 2688 dc
848 2602 997 2690 caudas
1014 2607 1137 2714 quam
1155 2597 1400 2716 longiffimas
1416 2627 1520 2688 mox
1536 2604 1740 2690 emittunt.
1795 2606 1901 2694 Nam
1920 2609 2064 2698 caudae

701 2737 801 2804 nme
816 2716 1056 2815 nascuntur,
1081 2713 1358 2802 conservando
1379 2735 1538 2802 motum
1555 2715 1672 2802 suum
1692 2715 1736 2802 δι
1750 2725 1904 2808 interea
1922 2725 2062 2812 versus

586 2743 727 2914 gblaeem
758 2828 1020 2938 gravitando,
1043 2825 1317 2914 movebuntur
1350 2829 1459 2914 circa
1495 2827 1634 2916 Solem
1667 2832 1710 2916 in
1742 2829 1953 2944 Ellipfibus
1975 2864 2057 2948 pro

589 2965 708 3030 more
727 2942 930 3053 capitum,
959 2938 1009 3024 ὅτ.
1029 2963 1106 3051 per
1122 2959 1282 3028 muttum
1299 2941 1414 3026 illum
1432 2943 1565 3054 capita
1583 2944 1733 3055 semper
1750 2947 2056 3038 comitabuntur

586 3052 636 3142 δι
662 3055 711 3143 iis
736 3053 940 3170 liberrime
968 3051 1246 3142 adherebunt.
1300 3051 1487 3142 Gravitas
1515 3057 1625 3144 enim
1643 3067 1838 3190 vaporum
1854 3061 1898 3148 in
1916 3059 2056 3152 Solem

587 3194 676 3259 non
695 3170 821 3281 magis
839 3165 996 3256 efficiet
1014 3187 1063 3253 ut
1072 3167 1214 3253 caudae
1230 3167 1367 3281 postea
1375 3169 1566 3256 decidant
1584 3169 2064 3282 acapttibusSolemver·

587 3285 677 3386 sus,
701 3309 825 3398 quam
834 3284 1006 3394 gravitas
1024 3281 1205 3394 capitum
1213 3279 1519 3394 efficerepoffit
1537 3301 1584 3368 ut
1603 3279 1692 3370 haec
1713 3284 1904 3376 decidant
1924 3317 1947 3374 a
1964 3317 2062 3378 cau-

589 3398 665 3490 dis.
722 3396 947 3484 Communi
965 3397 1161 3510 gravitate
1178 3397 1244 3482 vel
1262 3395 1376 3483 simul
1393 3394 1590 3484 in‘Solem
1609 3399 1787 3500 cadunt,‘
1805 3405 1875 3490 uel·
1887 3401 1999 3490 simul
2016 3407 2062 3492 iu
2130 3459 2135 3466 ·

589 3511 752 3602 ascensu
778 3512 851 3596 suo
878 3509 1212 3608 retardabuntur;
1241 3509 1429 3624 adeoque
1455 3511 1631 3622 gravius
1657 3514 1724 3600 illa
1752 3516 2065 3628 nonimpedit,

588 3653 676 3741 quo
696 3626 828 3712 minus
845 3624 986 3711 caudae
1006 3623 1049 3709 &
1066 3625 1198 3736 capita
1215 3623 1458 3736 positionem
1476 3639 1762 3742 quamcunque
1781 3629 1834 3718 a'd
1852 3630 2063 3724 invicema

581 3738 1061 3850 causrsjamdescriptis,
1088 3756 1157 3823 aut
1173 3740 1257 3826 aliis
1265 3737 1798 3855 quibuscunque,facillime
1814 3743 2066 3858 accipiant&

577 3853 731 3966 ‘postea
747 3852 952 3940 liberrime
967 3851 1141 3938 servent.
1982 3877 1986 3884 ·

651 3966 807 4055 Caudae
823 3966 948 4078 igitur
966 3990 1054 4081 qus
1072 3964 1116 4050 in
1133 3962 1400 4056 Cometamm
1414 3965 1625 4054 Periheliis
1643 3971 1882 4070 nascuntur,
1906 3973 2068 4084 inregi-

587 4105 695 4169 ones
722 4080 961 4194 longinquas
989 4085 1085 4166 cum
1115 4087 1259 4166 eorum
1279 4083 1476 4194 capitibus
1493 4081 1683 4181 abibunt,
1709 4084 1754 4172 δι
1773 4087 1839 4174 vel
1856 4086 1957 4174 inde
1972 4086 2071 4196 post

596 4199 761 4308 longam
778 4218 977 4280 amtorum
995 4193 1139 4280 sen'em
1158 4220 1254 4278 cum
1273 4193 1416 4282 iisdem
1436 4196 1486 4282 ad
1508 4223 1582 4282 nos
1606 4197 1820 4296 redibunt,
1844 4200 1911 4288 vel
1929 4201 2075 4312 potius

586 4311 650 4396 lbi
669 4301 871 4397 raresaslae
889 4307 1080 4419 paulatim
1098 4305 1348 4394 evanescent.
1404 4310 1510 4396 Nam
1530 4307 1665 4420 postea
1681 4311 1726 4396 in
1744 4313 1936 4400 descensu
1954 4317 2076 4426 capi·

594 4445 684 4511 turn
710 4421 762 4509 ad
791 4417 928 4507 Solem
955 4419 1096 4506 caudas
1124 4445 1244 4506 novae
1274 4420 1533 4510 breviusculae
1558 4425 1848 4513 lentom'otua
1866 4427 2078 4538 capitibus

595 4536 807 4650 propagari
823 4531 1054 4634 debebunt,
1082 4531 1328 4633 &subinde,
1356 4539 1400 4622 in
1409 4535 1617 4627 Periheliis
1625 4537 1895 4633 Comercium
1903 4542 2081 4632 illorum

596 4649 669 4770 qui
697 4648 875 4764 adusque
902 4646 1227 4761 Atmosphaeram
1257 4643 1359 4736 Solis
1377 4649 1648 4750 descendunt,
1673 4651 1716 4738 in
1736 4653 1978 4746 immensum
1995 4683 2086 4746 au·

593 4765 693 4878 geri.
752 4757 891 4874 Vapor
919 4762 1030 4848 enirn
1055 4761 1102 4848 in
1130 4761 1153 4848 s
1175 4761 1262 4848 atiis
1291 4763 1366 4850 illis
1383 4761 1595 4853 liberrimis
1621 4783 1823 4879 perpetuo·
1835 4769 2006 4857 rarescit
2030 4803 2086 4864 ac

586 4879 784 4970 dilatato.
836 4872 932 4992 Qua
948 4877 1106 4967 ratione
1160 4895 1244 4966 tut
1263 4877 1391 4968 cauda
1410 4880 1543 4974 omnis
1558 4878 1611 4972 ad
1628 4880 2083 5016 extremitatemsupe·

1833 5073 1841 5086 .
1913 5026 2085 5094 norem
