4394 5688
511 343 590 452 156
813 325 1317 434 PHILOSOPHIAE
1353 321 1787 446 vNATURALIS

217 545 253 640 ω
311 518 367 624 Ρ·
385 513 501 584 Moru
514 517 624 602 nulla
651 512 813 626 prorsus
843 517 1001 608 otietur
1029 516 1207 606 mutatio
1236 534 1373 600 motus
1392 511 1660 601 attrasiorurn
1678 523 1785 602 inter
1802 513 1866 618 se,
1896 515 1970 604 nisr
1990 520 2073 608 vel·

291 603 489 669 “mm'‘
510 653 565 712 ex
594 624 885 712 artraetionum
914 627 1249 711 acceleratricum
1278 624 1591 732 inaequalitate,
1619 626 1685 709 vel
1710 651 1766 710 ex-
1790 627 2065 715 inclinatione

514 739 714 824 linearum
736 741 785 820 ad
807 736 1014 832 invicem,
1043 734 1270 818 secundum
1290 759 1391 842 quas
1408 730 1669 820 atttadliones
1688 737 1802 821 siunt.
1854 737 1972 824 Pone
1991 767 2068 824 er·

515 871 572 958 go
599 843 860 931 attrasiiones
887 871 1030 930 omnes
1050 843 1362 929 accelerattices
1378 842 1423 927 in
1439 869 1590 952 corpus
1608 848 1828 930 maximum
1845 846 1922 933 esse
1941 851 2076 934 interr

378 1053 386 1063 ‚
513 957 555 1042 se
575 961 788 1062 reciproce
809 977 854 1040 ut
875 957 1073 1065 quadrata
1092 951 1399 1050 distantiarum
1428 951 1496 1047 &‚
1514 955 1706 1064 augendo
1724 965 1900 1065 corporis
1922 960 2064 1044 maxi-

516 1067 574 1152 mi
595 1065 868 1164 distantiam.r
895 1071 1030 1152 donec
1059 1064 1259 1154 redarum
1277 1061 1329 1146 ab
1351 1060 1432 1146 hoc
1452 1063 1515 1146 ad·
1532 1063 1690 1172 reliqua
1707 1061 1913 1152 dudarum
1931 1065 2065 1152 diffe-

515 1176 660 1261 rentiae
681 1175 860 1284 respeslu
883 1199 1022 1258 earum
1044 1171 1314 1284 longitudinis
1342 1169 1688 1257 &inclinationes
1717 1175 1959 1264 adinvicem
1980 1182 2064 1261 rni-

516 1311 638 1370 nores
656 1283 730 1368 fint
750 1311 874 1394 quam
894 1288 999 1368 datae
1021 1282 1202 1393 quaevis„
1232 1278 1551 1390 perseverabunt
1580 1302 1718 1368 motus
1736 1284 2064 1396 partiumSylle·

517 1399 635 1481 matis
667 1397 775 1478 inter
803 1395 842 1477 se
867 1393 1020 1502 absque
1050 1389 1258 1477 erroribus
1277 1389 1349 1500 qui
1368 1415 1454 1474 non
1476 1385 1552 1474 srnt
1571 1391 1775 1500 quibusvis
1794 1395 1898 1478 datis
1927 1397 2064 1481 mino·
2107 1429 2113 1434 ·

517 1530 593 1589 res.
653 1501 707 1588 Et
763 1505 953 1601 uoniam,
983 1503 1035 1586 ob
1053 1502 1244 1611 exiguam
1264 1499 1442 1609 partium
1461 1500 1621 1586 illarum
1642 1501 1884 1588 abinvicem
1910 1503 2063 1590 distan-

517 1615 642 1710 tiam,
672 1530 851 1722 Syflema
873 1635 1009 1696 totum
1023 1614 1087 1694 'ad
1110 1613 1282 1694 modum
1301 1609 1488 1718 corporis
1509 1612 1630 1694 unius
1649 1612 1887 1710 attrabitut;
1916 1641 2060 1700 ruove-

515 1721 634 1807 bitur
648 1723 759 1811 idem
779 1723 852 1806 bac
871 1721 1113 1806 attrasliooe
1131 1723 1181 1804 ad
1203 1719 1375 1804 modum
1394 1719 1583 1827 corporis
1598 1722 1742 1816 unius;
1762 1723 1841 1805 boc
1867 1721 2065 1819 estmere-

516 1849 584 1916 tro
615 1832 688 1916 suo
718 1835 924 1942 gravitatis
954 1830 1158 1915 describet
1188 1828 1296 1914 circa
1315 1831 1715 1936 oorpusmaximum
1734 1828 1966 1918 senionem
1987 1838 2061 1920 ali·

516 1965 640 2052 quam
668 1939 869 2026 Conicam
902 1943 1027 2044 (viz.
1057 1936 1342 2049 Hyperbolarn
1371 1939 1437 2022 vel
1459 1935 1695 2022 Parabolam
1714 1941 1954 2026 attradiione
1974 1947 2059 2030 lan·

441 2095 449 2104 ,
514 2055 657 2162 guida,
689 2049 859 2159 Ellipsrn·
883 2050 1078 2146 fortiore,
1101 2061 1113 2144 )
1144 2046 1186 2130 δε
1207 2047 1344 2132 Radio
1373 2049 1425 2130 ad
1450 2057 1671 2130 maximum
1699 2045 1822 2132 dudio
1848 2051 2059 2139 describet

509 2187 619 2244 areas
638 2161 892 2267 temporibus
920 2159 1272 2269 proportionales,
1301 2154 1566 2349 absgucaliis
1595 2156 1826 2256 erroribus,
1854 2159 1926 2244 nili
1953 2187 2070 2274 quas.

510 2279 686 2376 partium
714 2269 912 2352 distantiae
955 2261 1350 2382 (perexiguaesane
1431 2291 1508 2376 pro
1526 2265 1661 2350 lubitu
1682 2269 1948 2375 minuendae)
1985 2298 2058 2360 va·

509 2383 621 2462 leant
641 2377 821 2462 efficere.
876 2379 929 2492 Q
951 2378 1003 2460 E.
1025 2379 1073 2457 0.

510 2597 519 2614 ι
555 2485 694 2678 ἓίφὶΙί
724 2509 967 2599 argumento
1006 2509 1176 2594 pergere
1213 2485 1316 2568 licet
1347 2485 1411 2568 ad.
1434 2484 1546 2570 casus
1578 2491 1703 2597 magis
1732 2487 1978 2598 compositos
2007 2495 2053 2580 in

508 2621 550 2681 rn
585 2619 728 2681 ortum.

566 2707 690 2790 Coros.
714 2737 745 2790 r.
775 2705 822 2790 ln
845 2703 936 2788 casu
957 2705 1139 2789 secundo
1162 2739 1173 2799 ς
1214 2729 1303 2814 quo
1322 2704 1496 2812 propius
1513 2707 1675 2789 accedit
1694 2733 1843 2816 corpus
1864 2711 2066 2797 omnium.

509 2823 733 2902 maximum
755 2817 804 2898 ad
825 2814 1003 2926 Syllema
1023 2816 1203 2898 duorum
1234 2816 1303 2896 vel·
1324 2815 1527 2921 plurium,
1556 2841 1608 2899 eo
1628 2819 1752 2926 magis
1773 2819 2051 2908 turbabuntur

510 2947 649 3012 motus
678 2925 854 3038 partium
886 2923 1119 3036 Syllematis
1149 2922 1257 3038 inter
1284 2921 1359 3018 se;
1405 2945 1624 3032 propterea
1653 2931 1776 3034 quod·
1797 2931 1995 3015 lineatum
2026 2963 2050 3016 a

507 3051 687 3145 corpore
710 3036 889 3124 maximo
917 3035 966 3116 ad
998 3033 1067 3117 bas
1094 3033 1307 3116 dudlarum
1333 3031 1427 3140 jam·
1448 3041 1576 3139 major
1604 3034 1662 3120 est
1690 3037 1970 3126 inclinatioad
1990 3041 2051 3128 in·

507 3146 666 3244 uicem,
697 3153 910 3256 majorque
938 3141 1506 3254 proportionisinaequalitas.
1605 3211 1610 3224 .

524 3277 529 3287 ’
560 3255 681 3350 dbrol.
700 3285 738 3340 2.
767 3255 956 3342 Max-ime
984 3275 1122 3338 antem
1151 3251 1453 3353 turbabuntur,
1475 3261 1671 3360 ponendo
1696 3260 1811 3366 quod
1836 3257 2051 3348 attrasiio·

505 3381 578 3452 nes
602 3369 909 3452 acceler'atrices
934 3367 1110 3474 partium
1129 3361 1364 3474 Systematis
1383 3363 1520 3447 versus
1548 3391 1697 3473 corpus
1716 3372 1899 3454 omnium
1920 3377 2049 3458 maxi·

504 3499 650 3568 mum,
697 3503 780 3560 non
798 3474 885 3560 'srnt
906 3481 955 3558 ad
988 3476 1165 3558 invicem
1187 3475 1401 3579 reciproce
1433 3493 1480 3557 ut
1501 3478 1698 3581 quadrata
1723 3477 2000 3566 distantiarum
2022 3511 2063 3567 a.

503 3607 679 3690 corpore
698 3585 769 3668 illo
791 3583 1230 3692 maximorpraesertim
1243 3579 1267 3662 sr
1281 3585 1557 3690 proportionis
1569 3583 1951 3696 liujusinaequal'rtas
1962 3617 2046 3674 nra·

498 3691 566 3801 jor
587 3689 631 3775 fit
653 3717 775 3800 quam
804 3693 1054 3802 inequalitas
1073 3691 1350 3800 proportionis
1368 3689 1645 3776 distantiarum
1674 3721 1694 3776 a
1722 3723 1895 3805 corpore
1910 3701 2044 3783 marci·

502 3825 595 3886 mo:
634 3799 743 3888 Nam
769 3803 795 3888 sr
822 3805 881 3889 vis
908 3804 1204 3897 acceleratrix,
1248 3799 1460 3909 aqualiter
1496 3799 1537 3884 dc
1565 3801 1790 3888 secundum
1819 3807 1940 3892 lineas
1968 3835 2040 3916 pa-

501 3913 655 4002 rallelas
676 3917 863 4024 agendo,
903 3913 960 3998 nil
987 3911 1200 4022 perturbat
1229 3933 1365 3995 motus
1393 3909 1502 3994 inter
1521 3910 1596 4006 se,
1638 3913 1799 4000 necesse
1826 3913 1882 4000 est
1911 3937 1955 4002 ut
1984 3944 2043 4006 ex

500 4017 667 4108 essionis
696 4026 976 4134 inaequalitate
1000 4020 1259 4129 perturbatio
1288 4019 1477 4113 oriatur,
1514 4020 1729 4130 majorque
1756 4023 1801 4108 fit
1821 4029 1884 4108 vel
1905 4029 2043 4114 minor

497 4159 575 4246 pro
595 4131 751 4244 majore
768 4137 833 4220 vel
853 4136 1013 4222 minore
1031 4130 1321 4242 inaequalitate.
1350 4125 1539 4212 Excessus
1557 4129 1799 4239 impulsuum
1820 4135 2041 4244 majorum,

498 4251 658 4356 agendo
677 4244 720 4328 in
750 4245 884 4352 aliqua
916 4267 1091 4352 corpora
1118 4245 1157 4322 dt
1185 4263 1270 4324 non
1290 4241 1452 4348 agendo
1468 4239 1513 4322 irr
1533 4239 1632 4338 alia,
1666 4241 1889 4328 necessario
1907 4270 2044 4334 muta·

498 4353 603 4440 bunt
631 4354 750 4439 srtutn
771 4377 916 4438 eorum
945 4355 1053 4438 inter
1080 4348 1129 4434 se.
1186 4347 1240 4434 Et
1267 4348 1355 4432 haec
1383 4348 1678 4458 perturbatio,
1713 4355 1850 4438 addita
1877 4379 2041 4464 pertur-

497 4457 654 4547 bationi
687 4487 781 4572 qnae
801 4489 852 4546 ert
871 4465 1069 4548 linearum
1099 4458 1371 4544 inclinatione
1396 4455 1436 4538 dt
1459 4457 1737 4569 inaeqttalitate
1765 4463 1926 4562 oritur,
1954 4491 2044 4554 ma.

489 4569 624 4682 jorem
643 4575 791 4657 reddet
810 4571 1168 4680 perturbationem
1187 4587 1332 4652 totam.

548 4679 670 4766 Coros.
693 4709 727 4794 3.
767 4679 949 4768 Undess
967 4677 1210 4792 Systematis·
1229 4677 1350 4782 hujus
1383 4695 1518 4784 partes
1543 4677 1585 4762 in
1615 4675 1828 4785 Ellipsrbus
1862 4683 1926 4768 vel
1947 4683 2040 4774 Cir·

491 4794 592 4884 culis
621 4791 703 4888 sine
732 4790 1047 4914 perturbatione
1073 4787 1219 4904 insgni
1238 4805 1506 4890 mercantum
1532 4785 1789 4880 manifestum
1809 4790 2040 4902 cll,.quod

1878 4905 2041 4994 endu
