4394 5688
414 393 798 491 astructum
852 395 1415 548 murnentanus.
1481 413 1485 423 ·
1606 409 1687 526 ης·

259 665 718 808 ruososrrso
758 667 898 757 cxv.
926 615 1353 759 'runouuura
1392 669 1538 762 xxv.
1677 577 1860 752 obdit
1943 643 1980 738 v

10 881 12 924 ³
122 893 320 1030 Corpora
332 885 506 1028 pluro,
531 925 721 1023 quorsom
745 888 874 998 Vr'res
892 891 1148 1014 decrescunt
1173 889 1223 996 o‘rr
1238 891 1472 1034 duplicato
1493 893 1671 1001 ratione

185 1025 505 1152 distantiarum
527 1025 586 1126 ob
607 1026 844 1139 eorundem
873 1027 1060 1160 certeis,
1083 1034 1255 1134 moveri
1264 1035 1390 1174 poste
1413 1034 1596 1160 interse
1618 1036 1671 1140 o'n
1813 1125 1821 1134 .

185 1163 432 1306 Elsrpfibus
442 1219 459 1293 3
496 1160 558 1274 Εἴ
580 1167 724 1270 radiis
744 1165 814 1269 od
827 1167 1054 1272 umbilicos
1085 1169 1227 1273 dusiis
1254 1208 1386 1275 oreas
1416 1171 1669 1312 describere

185 1301 456 1446 temporibus
472 1305 828 1446 proportionales
849 1311 1229 1451 quamproxime.

173 1549 219 1637 ln
252 1549 540 1662 Propofirione
585 1551 630 1640 su
660 1561 796 1641 eriore
829 1555 1133 1646 demonstratus
1168 1558 1226 1644 est
1263 1556 1376 1644 casus
1416 1556 1489 1644 ubi
1524 1557 1665 1650 motus

118 1663 253 1772 plures
277 1683 533 1774 peraguntur
559 1663 603 1750 in
684 1663 848 1775 lipsrbus
876 1687 1078 1754 accurate.
1113 1669 1216 1780 Quo
1242 1671 1370 1777 magis
1391 1667 1550 1754 recedit
1569 1671 1665 1760 Lex

119 1772 265 1859 virium
291 1799 316 1856 a
343 1771 463 1883 Lege
490 1773 546 1860 ibi
572 1772 702 1883 posita
723 1837 736 1868 ‚
761 1802 817 1860 eo
833 1777 963 1889 magis
978 1802 1155 1886 corpora
1172 1776 1472 1888 perturbabunt
1494 1799 1667 1867 mutuos

118 1900 278 1978 mortue
302 1906 443 1994 neque
470 1881 560 1970 fieri
586 1881 721 1995 potest
748 1903 797 1970 ut
822 1903 1023 1996 corpora,
1051 1887 1279 1974 secundum
1307 1885 1470 1999 Legem
1499 1885 1565 1974 hic
1587 1915 1664 1999 po·

120 1990 232 2077 suam
257 1989 300 2076 se
326 2012 477 2078 mutuo
504 1992 729 2089 trahentia.
758 2017 1005 2082 moveantur
1032 1996 1076 2083 in
1102 1995 1317 2111 Ellipsrbus
1343 2017 1559 2094 accurate,
1588 1997 1662 2084 nist

119 2099 313 2189 servando
347 2121 506 2189 certam
541 2103 855 2214 proportionem
882 2105 1163 2193 distantiarum
1191 2106 1242 2192 ub
1271 2107 1462 2192 invicem.
1527 2106 1574 2193 ln
1600 2109 1663 2196 le·

117 2210 341 2322 quentibus
366 2233 506 2300 autem
533 2212 689 2304 cafibus
715 2241 804 2302 nou
832 2209 1011 2307 multum
1035 2215 1089 2304 ab
1117 2214 1335 2325 Elliplibus
1360 2213 1579 2302 errabitur.

168 2322 262 2428 Coſs
273 2351 313 2408 r.
327 2327 444 2410 Pone
461 2348 635 2433 corpora
651 2327 768 2434 plura
785 2325 947 2412 minora
965 2327 1075 2412 circa
1093 2325 1316 2410 maximum
1337 2325 1507 2434 aliquod
1524 2329 1576 2410 ad
1596 2351 1662 2412 va·

118 2431 193 2518 rias
217 2430 271 2516 ab
289 2459 344 2518 eo
364 2430 571 2519 distantias
603 2435 785 2534 revolvi,
816 2437 1076 2547 tenduntque
1094 2437 1144 2520 ad
1163 2423 1317 2545 singula
1338 2433 1444 2516 vires
1462 2431 1660 2519 absolutae
1771 2519 1775 2536 ,

116 2543 443 2650 proportionales
459 2543 600 2629 iisdem
619 2543 874 2654 corporibus.
903 2621 909 2630 .
929 2550 979 2628 Et
1008 2551 1204 2654 quoniam
1225 2543 1412 2629 omnium
1433 2567 1659 2629 commune
1691 2585 1696 2596 ·

116 2651 324 2762 gravitatis
351 2674 539 2738 centrum
584 2658 603 2764 (
613 2680 686 2760 ρει
707 2653 872 2765 Legum
893 2652 1036 2738 Cotol.
1058 2655 1280 2764 quartum)
1314 2654 1381 2736 vel
1399 2651 1573 2760 quiescit
1592 2655 1659 2738 vel

114 2780 306 2847 movetur
334 2763 598 2850 uniformiter
613 2766 658 2849 in
687 2761 922 2863 diretium,
963 2762 1164 2873 fingamus
1188 2785 1364 2871 corpora
1392 2761 1554 2845 minora
1574 2779 1658 2849 tam
1810 2761 1820 2784 ‘

114 2893 233 2978 parva
251 2870 359 2970 elle,
396 2895 444 2959 ιιι
463 2899 612 2984 corpus
625 2873 854 2960 maximum
874 2898 1085 2984 uunquam
1106 2870 1227 2958 distet
1247 2869 1486 2956 sensibiliter
1503 2869 1554 2956 ab
1574 2870 1657 2958 hoc

115 3001 290 3068 centro:
329 2980 373 3068 δι
388 2992 611 3070 maximum
637 2984 742 3070 illud
759 2985 831 3070 vel
846 2981 1033 3094 quiescet
1051 2984 1118 3070 vel
1138 2983 1370 3068 movebitur
1389 2980 1656 3070 uniformiter

113 3091 155 3175 in
182 3089 385 3177 dicessum
408 3151 422 3192 ,
460 3092 613 3204 absque
641 3118 782 3179 errore
805 3091 983 3179 sensibili
1004 3127 1017 3188 ι
1048 3093 1207 3178 minora
1227 3110 1369 3176 autem
1386 3089 1657 3177 revolventur

113 3201 219 3286 circa
246 3200 329 3286 hoc
356 3203 576 3288 marimum
606 3205 650 3290 in
670 3201 907 3312 Ellipssbus,
935 3221 1064 3309 atque
1090 3200 1212 3286 radiis
1230 3202 1281 3284 ad
1302 3197 1414 3282 idem
1433 3195 1566 3284 dusiis
1582 3201 1659 3300 deff
1764 3302 1766 3315 Ι

110 3307 292 3397 scribent
310 3337 422 3398 areas
443 3313 700 3422 temporibus
719 3311 1071 3424 proportionalem
1099 3306 1172 3394 nist
1193 3326 1396 3416 quatenus
1414 3331 1576 3430 erropes
1592 3307 1654 3394 iu·

111 3421 347 3521 ducuntur,
385 3423 450 3508 vel
495 3448 542 3507 er
569 3447 754 3510 errorem
773 3420 941 3508 maximi
959 3447 982 3505 ι
1004 3416 1218 3503 communi
1235 3414 1307 3500 illo
1327 3430 1539 3539 gravrtatrs
1556 3437 1654 3542 cen:

113 3547 181 3613 tro
204 3589 219 3626 ‚
245 3533 310 3617 vel
337 3555 450 3638 pera
493 3533 610 3618 'ones
630 3533 841 3618 minorum
864 3553 1087 3638 corporum
1107 3528 1151 3614 iu
1170 3523 1211 3612 se
1230 3543 1393 3610 mutuo.
1461 3520 1655 3612 Dsmtnut

112 3657 256 3724 autem
281 3639 444 3746 poliunt
472 3667 648 3750 corpora
675 3643 837 3727 minora
862 3639 993 3752 usque
1022 3643 1160 3730 donec
1178 3661 1293 3723 error
1312 3629 1387 3720 iste
1407 3630 1451 3718 δι
1468 3631 1654 3722 aciones

110 3757 269 3834 mutue
294 3748 372 3835 fint
391 3751 496 3837 datis
518 3749 727 3863 quibusvis
747 3753 954 3850 minores,
974 3749 1225 3861 usqueadeo
1241 3749 1379 3832 donec
1401 3741 1537 3829 Orbes
1554 3767 1652 3834 cum
1781 3854 1784 3865 Ι

111 3853 329 3966 Ellipfibus
346 3860 628 3970 quadrent,&
645 3887 753 3948 areae
773 3861 1050 3971 respondeant
1069 3854 1329 3966 temporibus
1350 3847 1654 3965 absqueerroce

111 3970 181 4076 qui
201 3993 289 4053 non
309 3969 355 4053 stt
374 3972 510 4056 minor
530 3970 679 4082 quovis
697 3973 810 4057 doto.
868 3968 996 4089 ἐμ.
1016 3973 1066 4056 O.
1204 3977 1206 3984 '

160 4078 250 4183 Cos.
271 4107 312 4163 2.
340 4077 561 4192 Fingamus
591 4082 674 4192 jam
700 4079 883 4191 Systema
925 4105 1147 4190 corporum
1185 4075 1395 4163 minorum
1416 4073 1543 4160 modo
1565 4073 1654 4184 jatn'

108 4187 317 4298 descripto
336 4188 445 4274 circa
473 4191 700 4276 maximum
728 4190 1055 4282 revolventium,
1084 4189 1249 4276 aliudve
1274 4185 1451 4296 quodvis
1468 4184 1651 4272 duorum

107 4297 264 4384 circum
302 4298 344 4385 se
369 4322 518 4386 mutuo
552 4301 855 4387 revolventium
874 4323 1105 4411 corporum
1131 4293 1312 4410 Systema
1339 4293 1532 4407 progredi
1558 4294 1652 4380 uui·

103 4401 298 4494 formiter
315 4408 359 4494 in
379 4408 603 4506 direiium,
633 4409 675 4494 δι
704 4412 863 4498 interea
882 4413 924 4495 vi
941 4407 1127 4520 corporis
1150 4405 1318 4496 alterius
1335 4404 1460 4514 longe
1479 4399 1650 4489 maximi

103 4511 146 4599 dc
162 4521 216 4604 ad
237 4543 429 4629 magnam
449 4519 678 4622 distantiam
697 4518 759 4605 sui
779 4522 917 4634 urgeri
935 4523 986 4606 ud
1006 4521 1122 4608 latus.
1177 4514 1232 4604 Et
1252 4516 1449 4626 quoniam
1469 4511 1651 4622 aequales

102 4629 206 4713 vires
226 4629 535 4716 acceleratrices
546 4685 559 4728 ,
589 4630 741 4741 quibus
758 4654 934 4739 corpora
950 4629 1178 4716 secundum
1204 4626 1334 4711 lineas
1353 4622 1561 4733 parallelas
1579 4647 1650 4708 ur-

100 4758 292 4844 gentur,
330 4764 417 4825 non
446 4737 724 4826 mutant'sttus
742 4747 967 4850 corporum
986 4741 1037 4824 id
1054 4737 1231 4824 invicem
1253 4794 1266 4835 ‚
1307 4735 1379 4822 sed
1397 4753 1444 4819 ut
1465 4730 1647 4854 systema

100 4865 265 4946 totum,
294 4847 461 4936 servatis
476 4857 655 4959 partium
674 4849 987 4936 motibusinter
1006 4847 1074 4946 se,
1097 4845 1210 4936 simul
1231 4843 1499 4931 transferatur
1517 4837 1648 4922 effict-

97 4953 196 5044 uut:
224 4955 488 5046 manifestum
510 4957 731 5073 estquod,
758 4955 1142 5158 exptraiiionibus
1161 4965 1204 5045 in
1225 4979 1375 5067 corpus
1396 4949 1649 5143 mium}

618 5095 623 5104 .
889 5095 916 5152 ι
1795 5147 1806 5162 .
