4432 5680
629 405 843 509 PRAE
877 395 913 508 F
947 402 1079 512 ΛΤ
1113 399 1230 510 to.

150 611 230 697 sunt
246 603 406 692 summe
423 602 662 730 regulares,
691 604 1004 716 &peraguntur
1021 607 1063 692 in
1083 593 1541 707 Se'dionibusConicis,
1561 635 1675 697 nunc

148 720 254 802 ralde
281 719 529 802 ecceutricrs
550 775 560 805 .
588 738 700 798 nunc
721 719 770 798 ad
787 713 1052 800 Circulorum
1080 716 1266 824 proxime
1285 716 1458 801 formam
1479 723 1676 806 acceden-

139 828 268 921 tibus;
295 823 391 932 jure
409 825 679 934 quaercndum
701 824 801 916 erit,
829 824 903 933 qui
920 821 1009 907 lieri
1028 825 1167 935 poffit,
1197 843 1244 908 ut
1263 829 1388 911 iidem
1406 827 1557 938 integri
1578 855 1675 916 con·

135 935 380 1035 serventur,
415 959 496 1018 nec
524 931 574 1016 ab
602 929 829 1018 ustionibus
866 933 1047 1017 materiae
1075 932 1320 1019 occursantis
1347 959 1421 1042 per
1448 955 1511 1018 tot
1530 935 1675 1022 saecul'a

136 1053 365 1156 quicquam
421 1040 698 1127 erturbentur.
761 1039 866 1127 Sane
885 1039 914 1126 li
935 1061 1074 1125 motus
1091 1041 1133 1126 hi
1152 1039 1282 1127 fictitii
1299 1042 1392 1129 sunt
1413 1045 1540 1155 magis
1560 1071 1673 1130 com·

135 1153 252 1264 politi
271 1149 319 1235 δι
333 1069 541 1236 dilhcilius
558 1154 839 1260 explicantur,
866 1175 991 1260 quam
1010 1153 1095 1234 veri
1114 1151 1171 1234 illi
1190 1171 1330 1236 motus
1352 1153 1610 1239 Planetarum
1631 1155 1675 1240 δι

135 1262 413 1348 Cometarum
433 1295 446 1356 ;
487 1259 629 1344 frustra
648 1259 747 1344 mihi
765 1261 959 1343 videntur
977 1259 1019 1343 in
1041 1258 1343 1367 Philosophiam
1361 1263 1444 1345 reci
1476 1263 1510 1345 i:
1541 1267 1675 1350 omnis

137 1373 246 1456 enim
266 1367 387 1454 causa
406 1367 537 1453 debet
555 1363 806 1454 eslellffeuu
833 1367 908 1452 suo
927 1365 1154 1477 simplicior.
1211 1367 1412 1454 Concessa
1463 1371 1673 1458 abularum

134 1479 303 1565 licentia
314 1537 333 1586 ,‚
355 1475 620 1562 affirmaverit
639 1479 784 1587 aliquis
801 1475 986 1561 Planetas
1004 1503 1148 1561 omnes
1165 1475 1413 1562 &Cometas
1432 1479 1676 1565 circumcin-

137 1590 175 1700 gi
195 1587 516 1695 Atmosphaeris‚
545 1583 716 1672 adinstat
734 1585 916 1670 Telluris
935 1583 1102 1682 nostrae;
1131 1609 1225 1697 quae
1244 1585 1472 1696 quidemH
1499 1588 1676 1696 pothesrs

136 1698 285 1782 rationi
316 1697 445 1806 magis
477 1694 748 1805 consentanea
775 1694 981 1780 videbitur
1008 1719 1132 1804 quarn
1160 1693 1412 1805 Hypothehs
1482 1699 1676 1782 orticum.

141 1805 421 1892 hffitmauetit
448 1805 599 1888 deinde
626 1803 696 1888 has
723 1801 1060 1910 Atmosphaeras,
1099 1821 1153 1888 ex
1181 1819 1324 1888 natura
1341 1802 1445 1901 sua,
1475 1805 1583 1890 circa
1601 1806 1677 1890 So·

141 1917 214 1999 lem
242 1913 406 2000 moveri
435 1911 477 1995 δι
504 1909 713 1998 Βεᾶἰοῐιεε
731 1912 908 1998 Conicas
925 1909 1180 2009 describere,
1210 1913 1281 2022 qui
1300 1911 1395 1998 sane
1414 1935 1552 1999 mutus
1572 1916 1679 2001 mul·

140 2045 181 2108 to
206 2023 369 2108 facilius
389 2021 553 2129 concipi
572 2020 739 2129 potest,
768 2045 894 2132 quam
919 2018 1137 2106 consimilis
1156 2040 1295 2105 motus
1314 2021 1536 2107 Vorticum
1560 2021 1677 2107 sein·

137 2136 269 2216 vicem
288 2131 604 2237 permeantium.
656 2131 852 2240 Denique
873 2127 1058 2214 Planetas
1075 2127 1181 2241 ipsos
1201 2129 1243 2212 dr
1265 2127 1463 2214 Cometas
1481 2131 1675 2214 circaSo·

132 2243 214 2327 lem
241 2239 398 2324 deferri
416 2239 467 2321 ab
485 2237 780 2345 Atmosphaeris
798 2239 875 2324 suls
894 2240 1147 2322 credendum
1167 2233 1247 2320 elle
1265 2233 1434 2326 statuat.
1466 2233 1510 2318 dc
1529 2237 1590 2319 ob
1609 2265 1676 2322 re·

134 2369 271 2456 pertas
289 2367 479 2432 motuum
497 2345 729 2430 coelestium
746 2347 882 2430 causas
897 2346 1148 2450 triumphum
1168 2361 1272 2453 agat.
1325 2341 1521 2454 Quisquis
1537 2363 1677 2432 autem

62 2469 64 2474 '
133 2461 244 2543 hauc
261 2456 453 2542 Fabulam
472 2455 737 2562 rejiciendam
756 2451 835 2536 else
852 2469 993 2558 putet.
1022 2443 1133 2535 idem
1153 2447 1381 2533 &alteram
1402 2448 1597 2536 Fabulam
1610 2481 1674 2537 re·

125 2567 275 2676 jiciet:
310 2589 400 2650 nam
427 2589 553 2648 ovum
581 2589 665 2646 non
684 2561 744 2646 est
762 2575 846 2666 ouo
864 2558 1030 2646 similius
1050 2620 1062 2654 ‚
1107 2581 1231 2668 quam
1253 2555 1505 2670 Hypothesrs
1524 2562 1679 2648 Attou-

131 2673 371 2787 sphcrarum
391 2669 627 2782 Hypothesr
647 2669 881 2758 Vorticum.
1524 2698 1529 2709 ·

186 2784 350 2871 Docuit
378 2781 595 2875 Galilaeus,
632 2781 774 2889 lapidis
793 2775 963 2889 projesli
992 2777 1034 2862 δι
1061 2778 1104 2863 in
1130 2778 1321 2885 parabola
1348 2780 1452 2864 moti
1479 2777 1677 2866 deflexio·

133 2921 230 2982 nem
251 2921 275 2978 a
307 2891 428 2976 cursu
446 2889 659 2976 redilineo
676 2890 812 2974 oriria
833 2887 1050 2973 Gravitate
1067 2887 1208 2994 lapidis
1227 2890 1269 2972 in
1286 2887 1462 2973 Terram
1484 2947 1497 2987 ,
1528 2889 1578 2973 ab
1606 2915 1678 2973 oc-

134 3005 244 3088 culta
272 3000 429 3084 scilicet
458 2999 666 3108 qualitate.
720 2995 829 3082 Fieri
857 3015 993 3080 tamen
1023 2994 1156 3104 potest
1183 3015 1228 3078 ut
1257 2998 1355 3081 alius
1386 2999 1565 3104 aliquis,
1597 2992 1679 3082 nali

132 3111 331 3196 acutioris
350 3136 363 3206 ·,
402 3105 669 3214 Philosophus
687 3105 848 3190 oausam
867 3105 1044 3214 aliquam
1065 3105 1410 3191 comminiscatur.
1439 3111 1464 3188 F
1469 3108 1583 3218 inget
1603 3109 1679 3214 igi·

132 3241 201 3304 rut
228 3220 301 3302 ille
320 3219 764 3324 materiam-quandam
783 3213 972 3298 subtilem
995 3272 1009 3312 ,
1052 3237 1147 3322 quae
1165 3236 1242 3295 nec
1261 3212 1344 3296 visu
1367 3269 1379 3312 ,
1430 3239 1509 3298 nec
1529 3211 1638 3296 tadu
1663 3269 1676 3311 ,

134 3352 276 3438 neque
303 3326 391 3408 ullo
416 3324 532 3408 sensu
559 3326 814 3432 percipitur,
861 3322 1009 3404 versari
1036 3321 1079 3401 in
1108 3321 1347 3426 regionibus
1375 3347 1470 3426 quae
1490 3324 1679 3428 proxime

134 3438 388 3546 contingunt
415 3431 597 3518 Telluris
623 3429 891 3539 superficiem.
947 3423 1073 3509 Hanc
1101 3443 1240 3506 autem
1273 3426 1518 3518 materiam,
1555 3427 1599 3505 in
1620 3425 1680 3508 di·

136 3545 267 3632 versas
285 3547 458 3652 plagas,
497 3543 615 3626 variis
635 3539 677 3624 δι
705 3540 951 3648 plerumque
970 3531 1186 3618 contrariis
1216 3529 1396 3614 motibus
1421 3529 1545 3628 ferri,
1576 3531 1614 3610 &
1633 3532 1680 3614 li·

135 3679 236 3740 neas
254 3652 507 3735 Parabolicas
532 3648 763 3732 describere
793 3648 1032 3729 contendet.
1087 3639 1253 3724 Deinde
1272 3666 1373 3725 vero
1393 3641 1534 3747 lapidis
1552 3637 1679 3726 defle·-

135 3764 304 3848 xionem
324 3761 496 3868 pulchre
517 3757 568 3841 fic
591 3758 806 3862 expediet,
821 3754 877 3862 dc
897 3751 1009 3861 vulgi
1035 3748 1217 3858 plausum
1238 3747 1476 3832 merebitur.
1530 3748 1679 3855 Lapis,

133 3872 335 3981 inquiet,
382 3869 426 3952 in
445 3865 594 3950 Fluido
623 3869 694 3973 illo
713 3863 850 3948 subtili
870 3879 981 3946 natat
1007 3893 1018 3954 t
1046 3847 1243 3942 &cursui
1271 3865 1358 3960 ejus
1381 3857 1678 3966 obsequendo,

134 4007 221 4068 non
258 3974 394 4087 potest
422 3999 508 4060 non
536 3977 710 4057 candem
740 3997 820 4056 una
849 3969 1032 4053 semitam
1059 3965 1302 4050 describere.
1358 3963 1549 4050 Fluidum
1579 3991 1680 4049 vero

132 4110 329 4176 movetur
357 4086 399 4168 in
421 4085 536 4170 lineis
556 4081 840 4174 Parabolicis;
898 4101 996 4186 ergo
1023 4077 1199 4183 lapidem
1238 4075 1280 4155 in
1312 4072 1507 4157 Parabola
1539 4096 1681 4158 move·

131 4203 167 4285 ri
197 4193 361 4282 necesse
386 4191 454 4278 eli.
512 4191 619 4304 Quis
652 4215 764 4275 nunc
784 4213 868 4300 non
891 4183 1106 4270 mirabitur
1126 4178 1680 4288 acutiffimumhujuscePhl·

131 4306 292 4416 losophi
319 4303 558 4412 ingenium,
587 4327 639 4386 ex
668 4297 793 4386 causis
813 4293 1093 4386 Mechanicis,
1123 4289 1288 4374 materia
1305 4290 1459 4374 scilicet
1478 4289 1680 4384 demoto,

133 4419 406 4526 phaenomena
434 4411 595 4496 Natura
625 4415 675 4493 ad
706 4405 816 4516 vulgi
848 4406 972 4489 etiam
1005 4423 1170 4508 captum
1200 4402 1382 4506 preclare
1411 4399 1680 4480 deducentis?

136 4526 238 4638 Quis
267 4547 373 4606 vero
402 4539 484 4604 non
516 4517 772 4602 subsannabit
804 4514 960 4599 bonum
989 4513 1104 4594 illum
1134 4510 1380 4605 Galilaeum,
1427 4507 1499 4614 qui
1528 4531 1680 4633 magno

139 4633 349 4720 molimine
380 4626 681 4713 Mathematico
706 4622 933 4732 ‘qualitates
963 4622 1186 4712 occultas?
1213 4645 1236 4702 e
1263 4613 1522 4723 Philosophia
1551 4615 1682 4735 felici·

139 4763 199 4824 ret
227 4737 444 4834 exclusas,
489 4740 631 4822 denuo
658 4755 852 4821 revocare
872 4729 1137 4817 sustinuerit?
1194 4727 1260 4812 led
1289 4726 1417 4835 pudet
1447 4726 1566 4835 nugis
1592 4724 1680 4804 dru-

131 4853 212 4940 tius
235 4847 462 4937 immorari.
820 4854 839 4888 ·’
1666 4879 1669 4887 ’

271 5017 276 5026 ,
930 4977 953 5032 c
985 4976 1003 5046 3
1557 4935 1676 5024 Sum·-
