4432 5680
510 383 563 453 ω
759 341 1319 470 sinuoso-nstin
1360 336 1768 468 nnounnnrs

318 513 495 626 preire
515 547 584 617 tur
602 545 714 619 vere.
768 524 938 613 Mutant
956 521 1074 610 enirn
1089 515 1418 631 politioneriluns
1436 516 1684 606 adiutricem
1703 512 2059 628 (tanquam-fir

329 648 504 700 ΗΘΜ
518 639 562 722 in
580 659 678 718 vere
727 630 1038 740 uiescentibus)
1064 654 1229 737 unaque
1247 653 1344 712 cum
1363 623 1484 710 caelis
1504 625 1630 712 delati
1647 623 1895 733 participant
1909 651 2057 716 eorum

519 762 678 833 motus,
778 761 824 826 ut
842 759 976 848 partes
994 737 1301 824 revolventium
1317 753 1525 830 totorum,
1543 729 1594 819 ab
1616 757 1764 820 eorum
1784 733 1926 822 axibus
1945 760 2059 822 rece·

519 856 620 938 dere
638 867 854 934 conantur.
1033 947 1035 952 .

524 1021 530 1032 .
576 958 704 1068 Igitur
723 957 973 1064 quantitates
990 953 1171 1042 relativae
1189 978 1277 1040 nou
1294 952 1387 1038 lunt
1406 976 1466 1037 eae
1485 949 1578 1060 ipsae
1596 950 2061 1062 qmntinrenquarnm

522 1070 690 1160 nomina
715 1091 798 1173 prae
825 1066 865 1148 se
894 1065 1068 1158 ferunt,
1093 1057 1163 1148 sed
1190 1088 1329 1146 earum
1361 1059 1561 1144 mensurae
1588 1059 1667 1146 illae
1695 1054 1897 1144 senfibiles
1925 1067 2060 1170 (uerae

522 1204 573 1260 an
603 1171 814 1279 errantes)
826 1173 976 1281 quibus
995 1173 1141 1281 vulgus
1160 1173 1256 1268 lopo
1275 1167 1556 1279 quantitatum
1574 1166 1896 1260 mensuratatum
1914 1171 2060 1254 utitur.

523 1288 583 1373 Ar
605 1282 703 1367 srert
721 1281 795 1366 usu
815 1277 1061 1365 deliniendos
1082 1279 1173 1366 sunt
1193 1279 1421 1362 verborum.
1436 1275 1771 1386 fignfficadoues,
1800 1303 1874 1384 per
1894 1286 2061 1364 nomina

521 1392 589 1476 illa
608 1390 827 1498 Temporis
848 1447 875 1486 ,.
901 1389 1028 1496 Spatii
1039 1446 1068 1486 ,.
1100 1387 1201 1470 Loci
1220 1385 1262 1469 δι
1281 1384 1430 1470 Motus
1455 1386 1619 1494 proprie
1637 1385 1919 1494 intelligendae
1936 1405 2060 1472 erunt

523 1499 588 1589 hae
607 1497 805 1584 mensura
819 1496 893 1594 ,oc
913 1499 1046 1581 sermo
1064 1495 1141 1584 erit
1161 1493 1395 1578 insolens&
1414 1519 1515 1600 pure
1535 1493 1912 1588 Mathematicus,fi
1964 1521 2062 1581 uan-

498 1601 504 1612 ’
525 1615 664 1707 risores
690 1603 930 1692 mensuratae
958 1605 1026 1692 hic
1056 1603 1350 1714 intelligantur.
1405 1601 1586 1688 Proinde
1612 1602 1705 1706 vim
1725 1601 1910 1688 inserunt
1931 1521 2064 1694 iactis

525 1710 716 1813 literis,
754 1716 826 1824 qui
848 1740 970 1800 voees
996 1714 1115 1798 hasce
1131 1717 1184 1796 de
1213 1709 1766 1822 quantitatibus-mensuratis
1784 1711 1843 1794 ibi
1861 1713 2065 1822 interpre-

526 1845 677 1913 tantur.
713 1825 861 1934 Neque
890 1825 1024 1908 minus
1055 1823 1338 1906 contaminant
1358 1819 1560 1904 Mathesrn
1576 1820 1621 1904 ἃ
1643 1817 1967 1929 Philosophiam,
1988 1824 2064 1931 qui

521 1933 778 2124 quaptirates
805 1957 922 2016 veras
942 1957 1039 2018 cum
1057 1929 1233 2038 ipsarum
1251 1929 1520 2014 relationibus
1539 1927 1581 2012 δι
1611 1928 1845 2039 vulgaribus
1866 1930 2065 2018 mensuris

526 2065 607 2124 con
632 2045 804 2125 undunt.

582 2149 730 2233 Motus
749 2147 918 2256 quidem
948 2173 1065 2233 veros
1093 2171 1314 2256 corporum
1344 2143 1595 2256 ungulorum
1624 2143 1910 2256 cognoscere,
1940 2146 1983 2234 ὅτ
2010 2147 2065 2238 ab

522 2256 814 2366 apparentibus
840 2254 932 2340 asin
959 2256 1261 2353 discriminare,
1289 2249 1578 2340 difficillimum
1603 2252 1683 2338 est:
1710 2277 1929 2363 propterea
1945 2261 2065 2366 qnod

527 2382 662 2488 partes
690 2364 804 2469 spatii
824 2366 930 2448 illius
946 2364 1197 2462 immobilis,
1222 2366 1265 2448 in
1284 2389 1371 2472 quo
1390 2389 1563 2466 corpora
1582 2388 1679 2446 vere
1698 2386 1917 2452 moventur
1938 2421 1950 2467 ,
1973 2390 2063 2454 non

485 2485 496 2508 “
524 2492 747 2568 incurrunt
766 2469 969 2556 insenius.
1014 2471 1146 2556 Causa
1163 2491 1302 2554 tamen
1320 2497 1407 2554 uon
1426 2469 1487 2554 esi
1503 2469 1664 2580 prorsus
1683 2471 1903 2580 desperata.
1955 2473 2065 2563 Nam

525 2579 750 2686 suppetunt
788 2597 1060 2686 argumenta,
1099 2579 1246 2686 partim
1265 2605 1320 2666 ex
1347 2579 1529 2662 motibus
1555 2579 1841 2686 apparentibus
1870 2581 1944 2690 qui
1971 2582 2067 2668 sunt

524 2711 721 2773 ,motuum
749 2711 944 2772 verorum
972 2683 1251 2790 differentiae,
1335 2686 1454 2770 artim
1481 2711 1534 2770 ex
1561 2687 1712 2774 viribus
1737 2713 1835 2798 quae
1861 2689 1954 2774 sunt
1978 2716 2067 2778 mo·

527 2817 650 2881 tuum
669 2820 862 2878 verorum
880 2793 1009 2878 causae
1029 2793 1072 2878 ἃ
1092 2791 1271 2878 effeetus.
1307 2711 1366 2878 ist
1388 2792 1545 2904 figlobi
1563 2797 1674 2894 duo,
1702 2798 1753 2881 ad
1771 2800 1909 2884 datam
1930 2798 1980 2884 ab
1998 2804 2064 2888 in·-

524 2904 667 2988 nicem
700 2901 927 2988 distantiam
954 2901 1024 2988 filo
1058 2904 1343 2990 intercedente
1368 2905 1581 3001 connexi,
1618 2907 1930 2994 revolverentur
1957 2909 2069 2996 circa

524 3037 755 3097 eommune
771 3010 980 3120 gravitatis
997 3031 1222 3109 centrum,
1260 3011 1537 3098 innotesceret
1565 3039 1618 3099 err
1649 3008 1832 3122 tensione
1861 3015 1916 3102 fili
1946 3043 2073 3105 cona·

533 3140 600 3204 tus
627 3119 848 3228 globorum
876 3123 1098 3206 recedendi
1126 3119 1184 3207 ab¹
1205 3147 1280 3206 axe
1306 3141 1475 3215 motus,
1501 3119 1541 3202 ἃ
1571 3121 1667 3208 inde
1695 3125 1902 3230 quantitas
1930 3149 2071 3228 motus

524 3229 741 3313 circularis
766 3229 997 3337 computari
1024 3225 1166 3337 pollet.
1210 3229 1376 3316 Deinde
1405 3225 1434 3312 sr
1461 3231 1567 3316 vires
1596 3233 1792 3338 qtraelibet
1820 3237 1997 3344 aequales
2022 3237 2070 3323 in

532 3339 709 3422 alternas
734 3335 954 3446 globorum
982 3335 1106 3423 facies
1133 3340 1183 3422 ad
1213 3359 1374 3426 motum
1393 3338 1635 3424 circularem
1653 3343 1885 3449 augendum
1906 3347 1971 3430 vel
1991 3347 2073 3432 mi·

525 3449 746 3534 nuendum
767 3441 879 3530 fimul
899 3444 1257 3552 imprimerentur,
1286 3443 1563 3532 innotesceret
1588 3474 1640 3532 ex
1658 3445 1774 3535 ausit
1791 3453 1856 3534 nel
1866 3451 2070 3540 diminuta

520 3553 592 3642 liu
612 3551 795 3638 tenbooe
813 3571 1079 3660 augmentum
1106 3557 1170 3638 vel
1188 3559 1661 3666 decrementummotus
1674 3613 1691 3654 .,
1723 3555 1882 3654 &inde
1901 3565 2070 3655 tandem

522 3653 889 3764 inveniripolsent
916 3657 1041 3744 facies
1066 3661 1284 3770 globorum
1311 3660 1353 3750 io
1381 3687 1480 3770 quas
1507 3662 1611 3766 uires
1638 3665 1814 3772 imprimi
1842 3667 2071 3766 deberent,

535 3790 582 3852 ut
607 3786 742 3852 motus
763 3763 937 3852 manime
956 3789 1202 3878 augeretur,
1218 3769 1259 3854 id
1279 3767 1494 3866 est,sacies
1512 3765 1788 3878 posticae,s1.re
1835 3802 1899 3863 uae
1916 3775 1958 3864 in
1978 3803 2073 3870 mo-

523 3897 585 3966 ,tu
601 3875 789 3960 circulati
815 3873 1057 3984 sequuntur.
1114 3875 1306 3986 Cognitis
1333 3897 1471 3962 autem
1489 3875 1672 3964 faciebus
1688 3907 1783 3992 qum
1805 3802 2070 3994 icquuntue,

523 3981 577 4070 ,ta
607 3981 787 4068 faciebus
804 3981 1112 4094 oppositis-quae
1129 3987 1405 4095 precedunt,
1441 4011 1493 4070 co
1549 3987 1759 4076 oscererut
1777 3994 2075 4084 determinatio

520 4113 688 4179 ,morus
739 4090 913 4178 lubune
941 4093 1111 4180 modum
1138 4095 1316 4182 inueniri
1340 4091 1494 4204 pollet.
1571 4100 1777 4207 quantitas
1803 4101 1846 4188 dr
1874 4107 2073 4199 deterosi.

524 4199 650 4304 ,natio
678 4220 815 4296 motus
841 4197 960 4306 buius
986 4207 1192 4290 circularis
1210 4205 1252 4290 in
1278 4229 1410 4291 vacuo
1429 4206 1577 4312 quovis
1605 4207 1838 4310 immenso,
1877 4213 1946 4301 ubi
1967 4213 2072 4304 nibil

527 4329 697 4413 struet
724 4327 948 4431 eitternutn·
971 4308 1014 4411 ἃ
1034 4307 1215 4397 senfibile
1235 4337 1428 4422 quocum·
1448 4311 1559 4423 globi
1586 4313 1764 4404 conferri
1789 4318 1962 4444 pollent.
2023 4321 2074 4410 st

534 4415 622 4540 jam.
636 4413 981 4539 constituerentur
1002 4421 1042 4503 in
1070 4419 1198 4530 spatio
1224 4421 1307 4532 illo.
1323 4445 1497 4528 corpora
1525 4421 1668 4532 aliqua‘
1686 4427 1917 4538 longinqua
1931 4431 2075 4532 &tam

527 4547 646 4629 rotet
672 4523 713 4610 se
741 4521 986 4628 politionem
1009 4522 1237 4626 servantia,
1326 4527 1511 4618 attalum
1534 4531 1669 4619 stelin
1689 4529 1799 4622 Fixa
1817 4537 1869 4623 iu¹
1890 4561 1933 4622 re
1964 4539 2075 4628 ioni-

538 4631 615 4718 bus
633 4629 900 4750 nollristsciri
919 4635 1088 4742 quidem
1108 4661 1199 4723 non
1213 4663 1267 4744 po
1300 4657 1342 4722 et
1361 4640 1599 4729 ox.relativa
1616 4641 1836 4750 globorum
1846 4665 1934 4734 tran
1993 4651 2074 4734 tio·

536 4767 591 4832 ne
610 4741 720 4830 inter
737 4765 946 4858 corpora,
971 4763 1113 4834 utrum
1130 4743 1193 4835 bis
1210 4771 1264 4836 an
1279 4747 1357 4834 illis
1375 4744 1621 4849 tribuendus
1635 4741 1898 4859 nucerinen
1939 4757 2017 4856 -Ar
2036 4755 2071 4850 fi

581 4910 585 4921 ·
953 4871 961 4882 “
1936 4881 2073 4952 atten-
