4372 5678
504 364 603 451 ,50
788 272 1783 440 rutnoeorrtrntnnrunnnts

299 507 355 598 nr
377 505 497 590 Moru
515 511 581 618 ne,
603 511 808 634 perpetuo
822 521 1179 623 communicant,
1206 521 1250 610 δι
1268 520 1566 610 ermrioresilli
1586 523 1762 611 moriem
1781 539 1922 610 motus
1972 547 2074 614 uan-

295 604 497 674 ⁰⁰⁸⁹⁰¹⁰¹¹
518 632 681 719 ritatem
710 635 753 718 in
774 636 873 720 alios
899 637 1034 720 adhuc
1063 635 1290 720 exteriores
1308 632 1426 722 fimus
1452 629 1729 731 transferunt,
1755 658 1892 746 eaque
1975 637 2077 722 ’one
2175 653 2176 702 l

503 735 677 830 servant
699 746 978 855 quantitatem
999 765 1136 830 motus
1153 742 1349 851 suiplaoe
1366 743 1632 842 invariaram,
1660 761 1774 852 patet
1794 747 1911 854 quod
1932 768 2078 832 motus
2175 741 2176 764 ¹

499 870 722 963 ‘perpetuo
741 853 987 942 transfertur
1007 871 1196 940 acentro
1219 857 1274 938 ad
1294 849 1673 942 circumferentiam
1694 849 1906 952 vorticis,
1932 849 1977 938 n
1993 882 2075 966 per

514 963 763 1052 intinitatem
793 965 1133 1050 circumferentia
1158 962 1413 1050 absorbetur.
1488 958 1670 1054 Materia
1706 963 1817 1051 inter
1853 961 2073 1072 sphaericae
2175 1053 2176 1062 ζ

504 1075 616 1161 -duaa
639 1073 799 1184 quasvis
824 1074 1059 1184 superficies
1083 1071 1248 1162 Vortici
1278 1072 1804 1198 concentricasnunquam
1821 1075 2068 1160 accelerabi-
2175 1107 2176 1136 r

514 1201 613 1286 tur,
633 1211 688 1270 eo
707 1189 1008 1296 quod-morunt
1046 1207 1263 1272 omnema
1279 1184 1448 1270 materia
1475 1203 1917 1295 rnrenureacceprum
1938 1203 2070 1272 trans·
2175 1151 2176 1236 l

502 1291 597 1380 sert
615 1297 775 1405 semper
794 1294 837 1379 in
859 1296 1125 1380 exteriorem.
1281 1367 1286 1374 .
1491 1305 1494 1314 ’
1548 1369 1553 1380 .
1887 1345 1892 1354 ·

500 1427 507 1440 ·
538 1401 693 1489 *Coras
722 1425 762 1513 4.
803 1406 981 1492 Proinde
1006 1408 1057 1491 ad
1085 1400 1651 1490 consermtionem'Vorticis
1675 1400 1911 1492 constanter
1930 1404 1977 1490 in
1996 1431 2068 1492 eo
2175 1493 2176 1504 Ν

509 1513 611 1600 <lem
628 1514 827 1600 morendi
849 1513 979 1613 statu,
1010 1515 1237 1628 requiritur
1255 1513 1505 1623 principium
1524 1511 1692 1624 aliquod
1718 1509 1926 1614 astitum,
1946 1541 2068 1626 aquo
2175 1571 2176 1584 r

510 1612 661 1733 globus
681 1626 856 1733 eandem
891 1623 1052 1732 semper
1070 1623 1354 1734 quantitatem
1373 1622 1738 1734 motusaccipiat,
1789 1627 1794 1636 ’
1848 1649 1892 1710 nr
1921 1623 2068 1735 impri-

500 1733 587 1819 mit
607 1733 882 1819 inmiteriam
903 1725 1102 1821 Vortieir.
1139 1731 1312 1844 Absque
1332 1734 1404 1819 tali
1421 1733 1628 1843 principio
1647 1647 1886 1832 neceffist
1905 1753 1956 1822 ut
1974 1737 2067 1846 glo·
2175 1738 2176 1822 l

505 1837 584 1942 bus
602 1842 642 1926 ἃ
660 1840 846 1930 Vorticis
866 1865 1000 1955 partes
1018 1844 1262 1941 interiores,
1294 1863 1565 1956 propagantes
1583 1842 1742 1950 semper
1760 1864 1926 1930 motum
1944 1841 2061 1932 suum

501 1950 551 2036 iri
571 1949 833 2060 exieribrm,
863 1951 1003 2066 neque
1030 1952 1189 2040 norum
1218 1955 1400 2148 aiipuem
1428 1969 1589 2040 motum
1610 1953 1881 2064 recipientes,
1913 1955 2063 2040 tardes·

498 2073 602 2149 cant
623 2060 945 2174 paulatim&in
965 2063 1113 2150 orbem
1132 2063 1201 2178 agi
1219 2065 1271 2148 de
1289 2082 1418 2150 rnant.
1720 2144 1724 2156 .

500 2189 506 2204 ¹
561 2171 741 2281 Coras-5.
777 2172 988 2284 Si-globus
1005 2176 1110 2260 alter
1128 2173 1227 2258 lruic
1254 2171 1422 2262 Vortici
1451 2172 1503 2258 ad
1525 2191 1681 2258 certam
1703 2169 1754 2259 ab
1774 2168 1892 2280 ipfius
1908 2191 2061 2260 centro
2136 2245 2148 2270 .

2175 2359 2176 2420 r

2175 2430 2176 2472 l

2175 2531 2176 2582 l

499 2279 736 2386 distantiam
756 2277 993 2390 innataret',
1033 2284 1074 2368 δι’
1093 2279 1391 2370 intercanitur
1410 2303 1531 2370 axem
1560 2280 1829 2380 inclinatique
1853 2283 1998 2368 datum
2018 2285 2060 2370 ri

499 2393 639 2502 aliqua
662 2389 902 2496 constenter
928 2395 1236 2492 revolveretura
1273 2393 1394 2502 hujus
1412 2415 1551 2478 motus
1579 2409 1794 2501 raperetur
1814 2389 2001 2493 liuidum
2015 2392 2057 2478 in

502 2497 726 2588 Vorticem
745 2529 756 2588 ε
786 2502 828 2587 ist
847 2503 983 2610 primu
1003 2503 1371 2590 revolveretorbic
1390 2501 1554 2592 Vorters
1573 2527 1703 2589 novus
1721 2499 1765 2592 iit
1783 2499 1959 2611 exiguus
1977 2527 2057 2588 una
2175 2511 2176 2514 ‘

497 2632 601 2697 ‘curn
629 2610 759 2726 globo
779 2607 888 2696 circa
906 2632 1098 2698 centrum
1116 2615 1283 2698 asterius
1305 2671 1317 2714 ‚
1348 2613 1391 2697 sa
1411 2620 1569 2698 interea
1587 2613 1707 2696 latiur
1734 2603 1915 2719 serperet
1934 2609 2057 2719 ipsus

432 2821 440 2828 ,
499 2729 669 2824 inotbs,
696 2721 741 2808 ὅτ
759 2722 953 2832 paulatim
970 2744 1267 2840 propagaretur
1283 2724 1328 2806 in
1347 2710 1584 2820 infinitum,
1616 2724 1667 2807 ad
1689 2723 1860 2808 modum
1872 2721 2054 2810 vortice

497 2829 638 2940 primi.
694 2831 749 2936 Et
779 2834 924 2934 eadem
949 2833 1111 2915 ratione
1130 2853 1214 2942 qua
1237 2829 1357 2936 hujus
1377 2829 1525 2943 globus
1544 2849 1755 2941 raperetur
1774 2848 1896 2918 motu
1917 2827 2052 2918 Vorti·
2175 2889 2176 2926 ,

496 2939 560 3045 eis
584 2939 791 3046 alterius,
835 2941 1204 3070 raperetur-etiam
1234 2939 1384 3052 globus
1412 2939 1581 3028 alterius
1610 2937 1904 3046 motultuius,
1930 2937 2048 3026 ficut

497 3047 612 3173 globi
630 3053 720 3134 buo
739 3050 855 3136 circa·
881 3051 1175 3140 intermedium
1204 3047 1598 3160 aliquoi-punirem
1617 3051 1928 3141 revolverentur
1950 3101 1964 3150 ,
1989 3048 2051 3138 se·

498 3179 585 3269 que
611 3167 761 3244 mutuo
787 3159 840 3242 ob
869 3179 1030 3250 mutuor
1069 3161 1184 3274 illurn
1211 3161 1459 3246 circularem
1486 3158 1678 3272 fugerent
1694 3215 1727 3258 ,‚
1761 3152 1833 3257 nili
1862 3183 1938 3272 pet
1967 3161 2049 3248 rim

497 3268 550 3353 ali
585 3294 679 3354 uam
716 3261 904 3355 cohibiti.
978 3268 1122 3361 Pollea
1153 3269 1314 3356 sitires
1352 3267 1586 3356 constanter
1617 3265 1852 3379 impresse,
1898 3269 2053 3382 quibus

495 3293 610 3490 gitllri
626 3380 672 3465 in
691 3379 874 3466 motibus
891 3379 970 3466 suis
990 3379 1277 3492 perseverant,
1302 3375 1529 3478 cessarent,
1551 3379 1593 3468 siz
1613 3383 1752 3468 omnia
1770 3379 1933 3492 legibus
1953 3377 2052 3468 Me·
2175 3475 2176 3504 Ν

491 3487 675 3591 chanicis
700 3491 1076 3599 permitterentur,
1118 3487 1403 3603 languesceret
1435 3491 1628 3599 paulatim
1657 3509 1794 3574 motus
1820 3489 2046 3602 globorum
2175 3505 2176 3510 '

494 3598 592 3710 (ob
621 3599 826 3792 ratgonem
854 3602 897 3686 in
917 3601 1058 3702 Coros.
1081 3629 1117 3703 3.
1137 3594 1182 3685 rr
1201 3631 1240 3708 4.
1268 3597 1508 3716 assignatam
1525 3599 1622 3710 )·&
1651 3597 1847 3690 Vottlces
1872 3602 2042 3690 tandem

492 3729 574 3792 con
608 3727 851 3794 meterent.
883 3736 889 3798 2
1130 3757 1134 3778 ι
1437 3785 1444 3796 ,
1480 3785 1494 3796 ..

500 3850 505 3868 ¹
547 3731 674 3902 Cllrrl.
695 3826 733 3904 6.
767 3818 813 3904 Si
834 3817 945 3931 globi
973 3821 1110 3928 plures
1130 3819 1236 3904 datis
1262 3819 1307 3902 in
1326 3819 1427 3904 locis
1445 3818 1605 3908 circum
1624 3844 1721 3908 axes
1747 3817 1949 3929 pofitinne
1969 3821 2042 3908 da·

491 3945 558 4012 tos
575 3927 699 4032 certis
717 3954 813 4016 curn
834 3930 1125 4040 velocitatibus
1143 3925 1736 4022 constanter-revolverentur,
1763 3929 1911 4017 fierent
1935 3925 2047 4016 Vor-

491 4037 594 4122 tices
614 4039 790 4124 totidem
811 4041 853 4124 in
883 4035 1091 4126 infinitum
1121 4041 1356 4152 pergentes.
1424 4040 1539 4128 Nam
1560 4039 1675 4150 globi
1693 4035 1863 4151 srnguli,
1890 4046 2045 4126 melem

488 4147 652 4234 ratione
671 4172 752 4259 qua
781 4172 886 4235 unus
914 4151 1062 4260 aliquis
1091 4171 1251 4236 motum
1271 4148 1388 4234 suum
1411 4169 1608 4261 propagat
1628 4149 1669 4236 in
1689 4148 1918 4240 infinitum,
1942 4173 2051 4258 pro·

488 4257 697 4370 pagabunt
719 4257 843 4343 etiam
864 4279 1001 4346 motus
1018 4260 1111 4346 suos
1131 4262 1173 4347 in
1194 4259 1426 4358 infinitum,
1452 4263 1560 4345 adro
1577 4278 1624 4344 ut
1645 4255 1931 4350 fluidiinfiniti
1950 4285 2053 4368 pets

487 4391 666 4479 unaque
700 4393 752 4454 ue
780 4393 832 4454 eo
863 4370 1042 4480 rglretur
1068 4391 1187 4483 motu
1226 4371 1298 4482 qui
1334 4395 1388 4455 ex
1415 4371 1605 4458 omniurn
1630 4369 1855 4481 globorum
1872 4367 2053 4460 ariiooi·

488 4473 566 4562 bns
595 4394 774 4566 reirlltat.
853 4479 984 4564 Unde
1022 4477 1338 4566 Vettium-non
1373 4477 1626 4567 definientur
1654 4479 1779 4566 cenis
1803 4479 2051 4584 limitibus,

485 4583 557 4674 sed
583 4584 626 4672 irr
655 4588 696 4673 se
722 4609 870 4674 mutuo
899 4591 1092 4700 paulatim
1119 4613 1342 4676 excurrerit
1363 4629 1376 4686 ς
1414 4591 1613 4702 &ubique
1631 4612 1704 4700 per
1725 4585 1908 4679 artiores
1929 4589 2052 4680 Vor-

486 4697 618 4784 ticum
648 4697 691 4782 in
720 4699 763 4800 se
791 4718 976 4798 mutuo,
1018 4723 1225 4808 perpetuo
1254 4700 1536 4786 movebuntur
1555 4703 1609 4786 ule
1633 4703 1736 4786 locis
1760 4697 1869 4798 suis,
1913 4707 1982 4788 uti
2003 4705 2052 4792 iu

483 4807 717 4898 Corollaria
735 4807 946 4922 superiore
965 4807 1196 4924 expostum
1216 4810 1297 4913 elir
1319 4836 1467 4925 neque
1479 4830 1643 4900 certam
1660 4810 1986 5004 quamrirfiinter
2007 4813 2053 4904 se

1316 4993 1320 4998 .
1537 4957 1541 4967 ·
1784 4942 2051 5032 petronem
