4432 5680
590 422 634 518 t>
660 419 713 518 tt
744 421 805 518 Δ
839 423 878 520 F
910 423 957 522 Α
990 421 1042 527 Τ
1076 427 1199 526 [Ο.
1595 525 1599 538 .

175 611 232 704 m
246 615 302 702 iis
319 623 418 726 qum
436 611 759 709 bastennrditia
774 617 870 706 sont
890 673 903 719 ,
950 617 1111 706 conslrt
1129 617 1318 708 Planetar
1345 621 1390 709 in
1407 618 1674 712 Orbitisfitib

124 729 278 813 retineri
298 751 376 834 per
394 721 496 812 Vim
523 727 701 837 aliquam
729 733 775 814 in
800 729 908 836 ipsos
926 751 1130 838 perpetuo
1148 751 1363 842 agentem:
1391 729 1549 823 constat
1558 732 1668 820 Vim=

115 841 213 924 illam
241 835 367 946 dirigi
394 835 551 945 semper
577 835 715 922 versus
733 837 978 924 Orbitarum
1002 859 1163 926 centra:
1194 839 1352 927 tonllat
1380 841 1501 950 hujus
1520 839 1670 930 ιιὶἷιιιι-ι

114 949 214 1033 ciam
240 944 386 1072 augeri
418 945 462 1030 in
480 923 638 1031 access‘u
656 949 707 1032 ad
727 967 942 1042 centrum,
968 951 1143 1035 diminui
1161 951 1205 1036 in
1226 949 1382 1036 recessu
1402 951 1622 1037 abeodem
1645 987 1659 1040 r

113 1059 317 1168 &augeri
333 1055 505 1166 quidem
521 1057 565 1140 iu
586 1059 731 1150 cadem
749 1059 1021 1168 proportione
1043 1085 1124 1169 qua
1144 1063 1389 1145 diminuitur
1408 1063 1667 1171 quadratum*

111 1167 308 1252 distantiae
329 1227 339 1258 ‚
380 1166 555 1250 diminui
573 1167 618 1252 in
638 1169 782 1252 eadem
802 1169 1074 1276 proportione
1089 1197 1172 1280 qua
1193 1171 1392 1256 distantiae
1412 1172 1667 1277 quadratum

110 1299 295 1387 augetur.
348 1273 575 1362 Videamus
600 1287 712 1382 jam,
742 1278 1051 1385 comparatione
1069 1278 1252 1365 instituta
1273 1281 1665 1384 interPlrnetarum

111 1385 227 1471 Vires
256 1385 511 1492 centripetas
537 1385 578 1470 &
599 1385 702 1474 Vim
720 1385 946 1475 Gravitatis
967 1447 981 1486 ‚
1006 1415 1145 1473 annon
1165 1387 1346 1499 ejusdem
1366 1389 1475 1474 forte
1494 1387 1569 1475 sint
1589 1413 1659 1500 ge·
1728 1459 1732 1472 .

111 1496 225 1581 neria.
275 1493 472 1602 Ejusdem
490 1521 591 1580 vero
610 1498 772 1606 generis
790 1517 936 1590 erunt,
965 1495 993 1582 st
1013 1495 1482 1606 deprehendanturhinc
1505 1500 1666 1584 &inde

115 1608 218 1716 leges
245 1607 406 1688 eaedem
435 1607 679 1716 cedamque
703 1604 953 1692 affesiionea.
998 1607 1667 1720 Primo.itaquel„unae,qum-noa⁴

113 1713 168 1800 bis
184 1714 377 1821 proxima
393 1711 477 1811 est,
505 1716 589 1801 vim
611 1718 884 1826 centripetam
902 1719 1197 1826 expendamus.
1590 1725 1594 1733 ’

162 1822 295 1932 Spatia
315 1820 557 1922 reditione,
597 1851 691 1934 quae
712 1855 735 1909 n
755 1825 999 1934 corporibus
1018 1855 1043 1912 e
1062 1829 1205 1936 quiete
1230 1825 1409 1912 demiffis
1428 1831 1527 1912 dato
1547 1845 1663 1914 tetn·a

109 1959 204 2042 pore
228 1932 308 2018 sub
334 1933 425 2042 ipso
449 1951 588 2019 motus
613 1935 736 2019 initio
752 1935 1066 2034 describuntur,
1096 1937 1167 2022 ubi
1187 1966 1209 2021 a
1231 1939 1383 2022 viribus
1404 1935 1666 2047 quibuscum

110 2067 184 2152 que
208 2061 451 2153 urgentur,
478 2046 802 2152 proportionalia
818 2044 911 2128 sunt
932 2043 1022 2154 ipsis
1040 2047 1194 2131 viribus
1213 2073 1228 2132 ι
1254 2045 1353 2132 Hoc
1376 2048 1525 2156 utique
1553 2071 1665 2135 ton·

11 2189 12 2262 3
107 2153 292 2262 sequitur
319 2177 374 2236 ex
411 2153 637 2238 ratiociniis
663 2152 985 2240 Mathematieis.
1040 2155 1130 2242 Erit
1169 2157 1295 2266 igitur
1323 2155 1399 2242 Via
1426 2155 1665 2264 centripeto

11 2273 12 2278 '
107 2261 237 2347 Lunae
264 2264 310 2348 in
338 2259 484 2350 Orbita
511 2261 578 2348 sua
606 2265 884 2362 revolventis,
912 2269 964 2349 ad
991 2263 1091 2354 Vim
1112 2265 1335 2350 Gravitatis
1364 2265 1408 2347 in
1440 2262 1658 2372 superficie

105 2369 281 2470 Terrae,
319 2393 367 2455 ut
394 2369 568 2479 spatium
618 2377 702 2456 uod
740 2394 930 2480 tempore
958 2393 1082 2481 quam
1102 2374 1275 2458 minimo
1292 2370 1544 2457 describeret
1565 2370 1657 2456 Lu·

106 2505 153 2566 na
181 2481 476 2567 descendendo
501 2505 575 2590 per
637 2482 694 2566 im
713 2482 987 2592 centripetam
1014 2481 1150 2565 uersus
1176 2481 1385 2580 Terram,
1417 2479 1664 2568 stcirculari?

104 2591 219 2676 omni
250 2611 366 2676 motu
392 2591 540 2700 privari
557 2590 823 2702 fingeretur,
869 2592 925 2674 ad
939 2589 1113 2698 spatium
1141 2597 1257 2699 quod
1295 2594 1446 2678 eodem
1465 2612 1665 2700 tempore·
1792 2679 1795 2686 ,

104 2727 226 2812 quam
247 2701 426 2786 minimo
436 2699 630 2786 describit
648 2725 769 2812 grave
792 2725 944 2809 corpus
962 2701 1005 2784 in
1025 2701 1171 2785 vicinia
1182 2700 1354 2799 Terre,
1373 2725 1447 2808 per
1457 2697 1557 2787 Vim
1616 2728 1657 2786 a-

103 2812 237 2896 vitatis
252 2810 337 2896 sum
356 2813 557 2894 cadendo.
587 2808 761 2896 Horum·
775 2808 1003 2916 spatiorum
1017 2811 1128 2918 ptius
1146 2813 1303 2919 aequale
1324 2809 1383 2894 esi
1399 2835 1516 2894 arcus
1535 2837 1559 2894 a
1610 2831 1657 2897 u·
1729 2837 1735 2846 ·

102 2947 149 3005 na
165 2947 244 3030 per
259 2921 377 3006 idem
397 2921 558 3032 templis
577 2917 775 3028 descripti·
790 2918 892 3004 linui
910 2919 1050 3013 verso,
1080 2921 1234 3030 quippe
1253 2919 1325 3028 qui
1346 2921 1480 3004 Lunae
1492 2917 1672 3034 transit-3

102 3033 260 3117 tionem
277 3033 333 3115 de
349 3029 598 3139 Tangence,
625 3027 816 3114 faciam-a
833 3027 890 3117 Vi
909 3031 1161 3138 cornipeta,
1190 3033 1383 3124 metitum
1414 3031 1666 3139 atqueadeo

104 3141 336 3250 computari
360 3137 496 3252 potest
521 3161 574 3223 ex
610 3141 715 3224 datis
742 3161 831 3224 tum
861 3137 997 3222 Lunae
1025 3155 1214 3246 tempore
1241 3139 1454 3245 periodico
1482 3159 1574 3224 tum
1591 3139 1665 3224 di·-

102 3249 243 3338 stantia
271 3250 402 3358 elusa
429 3268 577 3333 centro
601 3248 761 3334 Terre.
817 3247 1003 3356 Spatium
1029 3247 1230 3356 posterius
1246 3249 1456 3333 invenitur
1473 3275 1549 3356 per
1567 3243 1654 3334 Ex³

101 3364 330 3466 perimente
357 3359 672 3448 Pendulorum,
718 3359 1072 3466 quemadmodum
1100 3357 1244 3438 docuit
1267 3355 1485 3464 Hugem'us.
1541 3355 1665 3438 Inito·

103 3472 239 3582 itaque
270 3471 464 3560 calculo,
508 3467 688 3571 spatium·
709 3464 820 3572 prius
848 3465 906 3546 ad·
926 3461 1098 3572 spatium
1126 3459 1325 3571 posterius
1346 3523 1356 3554 ‚
1385 3459 1455 3545 seu
1474 3460 1535 3544 vis
1554 3485 1654 3544 cen·

103 3580 248 3688 tripeta
280 3578 419 3663 Lunae
446 3577 489 3662 in
517 3575 665 3661 Orbita
692 3573 759 3660 sua
790 3572 1041 3658 revolventis
1069 3572 1125 3655 ad*
1149 3572 1233 3655 vim
1260 3567 1486 3656 Grauitatis
1512 3571 1556 3655 in
1586 3567 1665 3656 sus·

101 3691 270 3795 persicie
296 3686 472 3784 Terrae,
500 3688 578 3770 erit
598 3707 645 3772 ut
667 3687 913 3796 quadratum
940 3681 1232 3768 semidiametri
1248 3681 1470 3768 Terre-ad
1486 3678 1663 3768 Orbitae·

98 3797 392 3886 semidiametri
421 3799 680 3906 quadratum.
737 3793 925 3880 Eandem
955 3792 1079 3878 habet
1108 3792 1343 3884 rationem,
1379 3815 1453 3901 per
1480 3815 1530 3908 ea
1556 3813 1664 3900 quae·

97 3911 283 4016 superius
311 3905 585 3990 ostenduntur
604 3969 622 4000 ,.
665 3905 725 3986 vis
753 3903 983 4012 centripeta
1011 3903 1145 3986 Lunoe
1177 3902 1219 3984 in
1250 3899 1398 4016 Orbita
1430 3899 1653 3986 suarevol·
1777 4007 1781 4014 .

95 4021 227 4106 tentia
259 4019 317 4102 ad·
340 4015 432 4100 vim·
454 4013 588 4100 Lunae
617 4015 896 4122 centripetam
914 4027 1051 4118 prope
1071 4009 1219 4095 Terrae
1245 4009 1514 4118 superficiem
1572 4007 1662 4097 Vis.

93 4129 234 4240 itaque
270 4125 500 4235 centripeta
527 4145 656 4232 prope
684 4123 834 4208 Tetrrc
859 4121 1115 4230 superficiem
1146 4120 1312 4228 aequalis
1349 4119 1406 4202 est
1434 4119 1475 4203 vi
1504 4117 1661 4204 Gravia

94 4244 195 4327 ntis.
260 4235 360 4322 Non
380 4259 479 4346 ergo
498 4233 667 4319 diversae
687 4231 781 4344 sunt
800 4231 939 4328 vinem.
964 4229 1035 4314 sed·
1054 4255 1133 4314 una
1152 4251 1278 4338 atque
1297 4233 1463 4313 eadem:
1492 4227 1661 4313 sienim:

94 4347 268 4438 diversae
285 4343 414 4432 essent
435 4403 448 4444 ‚
491 4367 665 4451 corpora
691 4343 846 4426 viribus
872 4339 1116 4446 conjunsiis.
1130 4341 1267 4448 duplo
1285 4339 1459 4422 celerius
1477 4337 1520 4420 in
1540 4333 1659 4420 Ters-

14 4447 15 4474 ¹
91 4487 173 4546 ram
211 4458 424 4544 caderent
459 4477 584 4563 quam
621 4477 674 4538 ex
702 4455 742 4537 vi
770 4451 851 4537 sola
878 4449 1129 4536 Gravitatis..
1188 4447 1358 4534 Constat
1396 4446 1524 4556 igitur
1549 4443 1662 4532 Vim·
1778 4485 1781 4492 v

89 4569 196 4656 illam
228 4569 534 4674 cenrrtperarn,
567 4588 649 4674 qua
676 4564 798 4648 Luna
826 4579 1031 4668 perpetuo
1059 4561 1110 4644 de
1138 4557 1362 4753 Teuffente
1388 4556 1454 4640 rel
1473 4553 1662 4640 trahitur·

14 4685 16 4774 ζ
89 4681 160 4763 rel
183 4679 419 4788 impellitur
445 4674 487 4758 dt
516 4676 559 4761 in
587 4673 735 4759 Orbita
765 4671 1002 4767 retinetur,
1050 4673 1091 4782 ip
1111 4693 1174 4752 am
1204 4695 1227 4753 e
1257 4696 1283 4752 e
1310 4663 1660 4791 viijraviratin

14 4795 17 4914 l
88 4789 293 4875 terrestris
320 4791 373 4873 ad
404 4783 569 4870 Lunam
588 4783 719 4894 usque
736 4783 1054 4978 pertinffiemr
1112 4777 1166 4863 Et
1187 4775 1335 4862 rationi
1352 4777 1523 4886 quidem
1542 4797 1648 4856 cona-

15 4951 16 4956 *
88 4897 343 4988 sentaneum.
365 4891 504 4984 eil-tu.
529 4897 591 4981 ad.
608 4895 799 5005 ingentes
826 4891 884 4978 dil
973 4890 1038 4977 ias·
1062 4890 1139 4975 illa.
1156 4883 1403 4976 seseVirtua
1420 4885 1651 5078 emffiff

1188 5049 1194 5062 ·
1641 5019 1652 5072 l
