4432 5680
370 2015 372 2022 ’
508 2045 537 2096 .;
567 1999 685 2110 Quin

956 267 1578 386 rotronis

507 517 539 548 .-
558 470 658 582 jam
674 468 776 555 illud
790 467 968 554 concedi
989 462 1255 575 aequumell,
1275 467 1391 576 quod
1411 459 1720 551 Mathematicir
1739 461 1966 553 rationibus
1975 467 2062 554 eol-
2204 503 2205 572 3

505 579 654 692 ‘ligitur
670 580 729 667 ,δι
755 576 975 666 certissime
1003 574 1334 672 demonstraturi
1384 575 1573 681 Corpora
1604 597 1754 680 nempe
1772 576 1936 676 omnia,
1964 599 2061 686 quae

509 708 738 784 moventur
765 690 808 772 in
836 689 942 772 linea
970 687 1105 795 aliqua
1126 712 1250 770 curva
1277 690 1322 770 in
1342 687 1464 792 plano
1492 681 1714 790 destripta,
1744 710 1924 794 quaeque
1944 687 2062 776 radio

503 795 638 896 dudio
665 803 717 884 ad
746 797 943 906 punitum
972 799 1037 881 vel
1066 794 1280 904 quiescens
1310 797 1375 888 vel
1404 814 1621 901 utcunque
1640 811 1801 878 motum
1822 791 2063 880 describunt

503 935 625 997 varceas
644 910 754 995 circa
773 905 969 1014 punsium
990 905 1091 992 illud
1114 902 1369 1012 temporibus
1390 901 1720 1014 proportionales
1741 960 1755 1002 ,
1784 902 1922 1012 urgeri
1940 931 1966 987 a
1985 902 2061 992 Vi·
2204 907 2205 910 ‘

507 1017 628 1116 vibus
656 1042 751 1124 quae
779 1019 831 1103 ad
854 1017 968 1100 idem
996 1012 1193 1123 pundum
1215 1016 1406 1111 rendunt.
1459 1011 1571 1100 Cum
1598 1011 1726 1120 igitur
1745 1012 1789 1098 in
1807 1009 1993 1099 conseslo
2014 1013 2062 1100 fit
2204 1031 2205 1122 ᾗ

513 1129 623 1235 apud
642 1124 947 1221 Astronomos‚
987 1124 1174 1208 Planetas
1202 1123 1414 1230 primarios
1429 1122 1589 1206 circum
1607 1121 1771 1220 Solem,
1802 1121 2063 1211 secundarios
2204 1125 2205 1140 '

510 1262 626 1334 gero,
641 1236 798 1324 circum
827 1233 920 1321 suos
947 1233 1193 1341 primarios,
1232 1259 1346 1323 areas
1362 1229 1595 1320 describere
1615 1229 1874 1340 temporibus
1892 1259 2061 1342 propor·
2204 1241 2205 1334 ἰ

510 1343 688 1431 rionales
710 1380 721 1438 ς
752 1343 874 1430 conse
909 1369 1008 1428 uens
1027 1341 1086 1428 est
1109 1361 1154 1426 ut
1176 1344 1251 1428 Vis
1269 1342 1362 1441 illa,
1392 1367 1473 1452 qua
1494 1359 1698 1448 perpetuo
1716 1345 2022 1450 detorquentur
2040 1373 2062 1438 a
2204 1403 2205 1408 ι

513 1451 806 1563 Tangentibus
826 1371 1067 1548 reiiilineis,
1098 1451 1140 1536 δι
1164 1451 1206 1541 in
1226 1451 1385 1541 Orbitis
1404 1449 1639 1539 curvilineis
1656 1452 1814 1537 revolvi
1835 1475 2059 1562 coguntur,
2204 1557 2205 1566 Ν

508 1563 653 1660 versuo
676 1589 850 1671 corpora
870 1564 1072 1672 dirigatur
1091 1587 1185 1672 quae
1205 1560 1275 1647 srta
1296 1561 1452 1651 suntin
1471 1559 1710 1648 Orbitarum
1728 1561 1895 1646 centris.
1949 1561 2060 1656 Haec

507 1670 657 1780 itaque
677 1671 751 1766 Vis
770 1699 856 1760 non
883 1673 1023 1780 inepte
1043 1673 1181 1768 vocari
1208 1669 1349 1778 potest.
1360 1723 1381 1770 ‚·
1401 1665 1584 1780 respesiu
1604 1669 1775 1779 quidem
1793 1673 1980 1782 corporis
1997 1698 2063 1758 re-

507 1781 720 1885 ,volventis
741 1841 755 1880 ,
796 1783 1039 1891 Cenrripeta
1060 1779 1294 1890 ;·respettu
1309 1801 1454 1876 autent
1475 1779 1660 1886 corporis
1677 1780 1891 1875 centralis.
1922 1786 2061 1868 Attea

485 1886 693 2001 ,diivaea
744 1917 962 2001 uacunque
981 1895 1149 1979 demum
1168 1891 1286 1983 causa
1304 1893 1405 1978 orirl
1423 1888 1614 2000 fingatur.
1711 1905 1713 1908 ·
2043 1959 2047 1969 ,

712 1917 861 2088 ichaec
881 2027 1052 2111 quoque
1071 1997 1340 2088 concedenda
1359 1999 1448 2092 sunt
1471 2056 1483 2096 ,
1512 1998 1551 2080 δι
1571 1995 1869 2084 Mathematice
1887 2003 2063 2090 demon·
2204 2045 2205 2048 κ

513 2106 721 2194 strantur:
762 2110 803 2196 Si
829 2137 1003 2219 corpora
1030 2112 1144 2219 plura
1171 2130 1291 2196 motu
1319 2108 1511 2219 aequabili
1538 2107 1801 2193 revolvantur
1820 2114 1862 2196 in
1881 2108 2060 2198 Circuliv

507 2221 820 2320 condemnem,
860 2220 902 2304 dr
922 2223 1117 2331 quadrata
1138 2240 1373 2328 temporum
1394 2217 1699 2329 periodicorum
1718 2215 1794 2302 srnt
1815 2237 1862 2302 ut
1881 2220 1979 2306 cubi
1998 2224 2061 2308 di·

508 2325 750 2422 {lauriacum
779 2350 967 2422 acentro
990 2337 1201 2414 communi
1223 2365 1234 2424 ι
1263 2327 1386 2424 Vires
1407 2326 1655 2432 centripetas
1674 2329 1976 2414 revolventium
1995 2331 2058 2419 so

509 2436 792 2541 re·reciproce
819 2457 865 2518 nt
887 2440 1083 2544 quadrata
1103 2439 1407 2527 distantiarum·
1454 2435 1532 2522 Vel
1558 2491 1571 2532 ,
1609 2433 1827 2543 srcorpora
1847 2440 2060 2526 revolvan-

512 2563 583 2628 tur
599 2542 822 2640 itnOrbitis
851 2569 943 2653 quae
964 2545 1054 2631 sunt
1075 2543 1250 2628 Circulis
1271 2543 1488 2639 finitimae,
1527 2541 1569 2624 &
1587 2543 1796 2650 quieseant
1817 2547 2059 2636 Orbitatum

386 2697 389 2706 ⁴
511 2650 708 2763 Apsrdes;
738 2651 859 2740 Vires
879 2653 1127 2760 centripetas
1147 2652 1452 2736 revolventium
1478 2649 1567 2736 sore
1586 2660 1797 2754 reciproce
1817 2676 1862 2738 ut
1884 2663 2060 2765 quadra·

514 2781 556 2848 ta
581 2761 873 2850 distantiarum.
929 2762 1133 2848 Obtinere
1161 2759 1292 2846 casum
1323 2762 1567 2846 alterutrum
1595 2763 1638 2844 in
1659 2761 1836 2848 Planetis
1864 2768 2058 2854 universis

510 2872 779 2972 consentiunt
808 2871 1061 2958 Astronomi.
1124 2869 1269 2980 ltaque
1288 2868 1408 2959 Vires
1428 2870 1671 2976 centripetae
1693 2871 1952 2960 Planetarum
1971 2905 2059 2968 om·

511 2980 628 3066 nium
656 2979 749 3064 sunt
777 2983 989 3088 reciproce
1018 3004 1063 3064 ut
1093 2986 1288 3088 quadrata
1316 2980 1597 3064 distantiarum
1625 2979 1672 3062 ab
1689 2979 1868 3069 Orbium
1889 2990 2056 3074 centris.

511 3088 555 3178 Si
570 3091 666 3199 quis
684 3089 851 3196 objiciat
874 3091 1134 3178 Planetarum
1156 3089 1197 3174 &
1218 3089 1352 3178 Lunoe
1371 3089 1615 3198 praesertim,
1647 3088 1819 3196 Apsrdes
1837 3120 1923 3181 non
1942 3100 2059 3205 peni.

509 3219 579 3290 tus
599 3199 812 3308 quiescere
832 3239 844 3296 ;
876 3199 943 3284 sed
973 3221 1090 3286 motu
1110 3205 1290 3310 quodam
1311 3202 1427 3288 lento
1444 3197 1541 3283 serri
1561 3200 1603 3282 in
1632 3199 1955 3308 consequentia:
1995 3235 2062 3292 re·

508 3309 702 3418 sponderi
732 3311 889 3414 potest,
919 3309 1073 3396 etiamsi
1092 3314 1366 3396 concedamus
1387 3309 1497 3394 bunc
1517 3329 1679 3394 motum
1701 3310 1967 3400 tardislimum
1988 3343 2057 3404 ex·

507 3419 608 3508 inde
636 3418 867 3528 profestum
908 3417 987 3504 esse
1017 3425 1132 3530 quod
1161 3419 1235 3504 Vir
1264 3419 1507 3522 centripetae
1544 3421 1761 3526 proportio
1797 3420 1959 3508 aberret
1989 3429 2057 3512 ali-

507 3547 714 3638 quantum
743 3557 764 3610 a
792 3531 1030 3632 duplicata,
1067 3527 1371 3614 aberrationem
1399 3528 1507 3612 illam
1537 3554 1610 3634 per
1628 3549 1871 3635 computum
1893 3531 2057 3622 Mathe.

511 3643 713 3738 maticum
738 3636 913 3721 inveniri
932 3633 1043 3742 polle
1071 3637 1111 3717 de
1142 3637 1262 3744 plane
1292 3633 1562 3724 insensibilem
1590 3633 1680 3720 esse.
1748 3635 1830 3743 lpsa
1861 3645 1970 3726 enim
1994 3671 2057 3730 ra.

510 3747 573 3830 tio
600 3741 675 3830 Vis
693 3750 935 3850 centriperae
954 3745 1128 3832 Lunaris
1148 3807 1159 3836 .
1200 3769 1294 3852 quae
1322 3747 1509 3834 omnium
1538 3744 1713 3830 maxime
1730 3747 1884 3835 turbari
1904 3751 2056 3852 debet,

510 3853 719 3964 paululum
741 3857 910 3964 quidem
928 3855 1175 3961 duplicatam
1196 3851 1426 3961 superabit;
1455 3855 1505 3934 ad
1528 3851 1630 3937 lianc
1650 3881 1751 3940 vero
1769 3855 1977 3968 sexaginta
1995 3861 2059 3948 se-

511 3989 557 4054 re
585 3963 742 4050 vicibus
772 3966 937 4070 propius
963 3965 1134 4048 accedet
1160 3989 1284 4072 quarn
1312 3965 1362 4049 ad
1391 3961 1645 4068 triplicatam.
1700 3961 1783 4048 Sed
1812 3970 1949 4054 verior
1978 3975 2059 4058 erit

510 4071 718 4181 responsio
740 4129 752 4170 ,
781 4071 807 4156 sr
828 4077 1010 4158 dicamus
1032 4075 1136 4158 hanc
1156 4070 1353 4180 Apsrdum
1374 4071 1695 4182 progressionem
1719 4135 1729 4166 .
1766 4101 1851 4160 non
1870 4103 1925 4164 ex
1943 4079 2058 4170 aber-

510 4191 671 4269 ratione
689 4209 711 4266 a
730 4185 934 4290 duplicata
965 4183 1236 4292 proportione
1255 4243 1265 4276 ‚
1307 4181 1381 4267 sed
1409 4183 1556 4266 exalia
1576 4181 1740 4289 prorsus
1760 4185 1915 4272 diversa
1936 4190 2056 4279 causa

510 4292 646 4390 oriri,
684 4295 1036 4402 quemadmodum
1066 4293 1231 4402 egregie
1250 4288 1595 4376 commonstratur
1611 4291 1654 4376 in
1677 4293 1753 4378 bac
1781 4294 2055 4408 Philosophia.

511 4400 653 4489 Restat
673 4427 774 4511 ergo
795 4422 840 4489 ut
860 4399 902 4490 V
906 4403 983 4486 ires
1003 4403 1244 4512 centripetae
1267 4463 1277 4494 ‚
1309 4401 1459 4510 quibus
1480 4399 1659 4488 Planetae
1678 4402 1858 4512 primarii
1878 4413 2058 4496 tendunt

512 4509 648 4594 versus
664 4510 802 4598 Solem
832 4511 873 4596 dc
899 4511 1126 4600 secundarii
1148 4509 1283 4596 versus
1301 4509 1513 4623 primarios
1540 4510 1664 4608 suot.
1704 4511 1779 4600 sint
1797 4539 1988 4606 accurate
2007 4541 2057 4610 ut

516 4619 713 4730 quadrata
730 4619 1011 4712 distantiarum
1032 4623 1258 4734 reciproce·
