4388 5678
383 355 778 462 PRI-NCWIA'
812 365 1397 468 MATHnmnrlcnr
1637 377 1691 476 it·

212 535 328 631 maa·
359 527 754 652 mama-quous
783 554 901 625 recta
930 539 1070 650 aliqua
1104 557 1245 654 tingat
1278 543 1439 630 tineam
1462 565 1629 638 corruo
1654 549 1697 642 iu
1719 567 1855 650 nrm

149 650 277 764 srgura
302 650 578 759 ptimaairaec
607 667 720 735 recta
747 651 897 732 eodem
925 651 1053 733 modo
1080 675 1178 734 cum
1206 651 1403 746 curvain
1430 653 1600 764 figuram
1618 647 1876 744 nas-Prinas

147 785 241 846 vam
262 755 461 843 translata
484 776 630 868 tanget
653 760 805 842 tineam
832 756 941 842 islam
968 763 1136 844 curvam
1163 759 1206 843 in
1234 757 1363 868 figura
1382 785 1508 850 nova:
1529 763 1572 848 δι
1589 791 1691 852 con·-

143 887 219 951 tra.
278 868 396 952 Nam
425 863 455 950 fi
482 865 635 952 Curvae
661 880 813 975 puncta
842 865 999 974 quaevia
1024 869 1111 952 duo
1139 871 1342 952 accedunt
1369 870 1420 953 ad
1447 865 1688 960 invicem&

18 883 22 1074 f
141 994 303 1060 coeunt
340 973 448 1062 insi
507 1000 551 1059 ra
575 973 728 1080 prima,
754 992 908 1082 puncta
924 977 1071 1058 eadem
1093 971 1286 1062 transsata
1315 981 1513 1065 accedent
1542 985 1591 1070 ad
1620 981 1684 1066 in·

17 1085 18 1108 ¹
137 1085 279 1170 vicem
308 1082 354 1168 ἃ
378 1083 445 1169 coi
477 1103 553 1167 unt
576 1083 621 1168 in
647 1081 777 1193 figura
801 1107 936 1178 nova,
963 1101 1089 1190 atque
1114 1085 1222 1168 adeo
1250 1102 1399 1181 rectae,
1424 1086 1576 1195 quibus
1599 1089 1687 1177 haec

16 1196 17 1230 ³
135 1213 302 1302 puncta
329 1189 403 1301 jun
464 1211 594 1284 ntur,
640 1187 755 1274 fimus
790 1191 968 1274 evadent
995 1201 1214 1276 curvarum
1242 1211 1309 1278 tan
1340 1199 1456 1278 entes
1487 1195 1529 1278 in
1557 1195 1686 1306 figura
1816 1195 1823 1207 '

15 1369 16 1372 κ
110 1321 336 1408 'utraque
430 1299 597 1410 omponi
633 1295 793 1406 possent
828 1297 971 1383 harum
1007 1296 1271 1386 assertionum
1349 1301 1685 1392 emonssrationes

135 1433 267 1494 more
291 1411 414 1518 magis
438 1407 727 1494 Geometrico.
779 1408 858 1491 Sed
886 1405 1076 1491 brevitati
1101 1407 1284 1492 consulo.
1366 1465 1370 1474 ·
1666 1465 1671 1479 ,

194 1517 326 1628 Igitur
355 1517 385 1602 fi
412 1517 539 1628 figura
566 1515 779 1600 rectilinea
796 1517 839 1601 in
858 1516 976 1600 aliam
998 1513 1300 1601 transmutanda
1317 1513 1398 1610 est,
1417 1515 1576 1604 sufficit
1593 1545 1683 1606 rec·

132 1645 275 1710 tarum
303 1653 328 1709 a
353 1625 505 1735 quibus
531 1621 738 1709 conflatur
763 1622 1075 1712 interfectiones
1092 1623 1337 1723 transferre,
1367 1623 1411 1710 δι
1427 1653 1500 1734 per
1519 1627 1681 1716 easdem

134 1737 182 1825 iu
208 1736 344 1845 figura
370 1759 477 1822 nova
512 1734 639 1820 lineas
666 1750 797 1820 rectas
817 1735 988 1818 ducere.
1022 1729 1113 1825 ,Sin
1129 1732 1681 1834 currisineamrransmutare

135 1863 334 1954 oportet,
359 1841 639 1929 transferenda
655 1841 753 1926 sunt·
769 1865 947 1955 puncta,
967 1841 1244 1950 tangentes&
1261 1842 1350 1929 aliae
1365 1861 1678 1952 rectaequarum

134 1978 218 2061 ope
247 1977 376 2039 curva
402 1953 509 2038 linea
536 1949 747 2034 definitur.
812 1947 981 2034 inservit
1008 1949 1255 2034 autemboc
1283 1949 1456 2050 Lemma
1483 1949 1679 2048 solutioni

128 2057 420 2146 difficisio'rum
439 2058 769 2151 Problematon,
796 2057 1108 2143 transmutando
1126 2057 1272 2166 figuras
1290 2057 1510 2166 propositas
1529 2061 1572 2144 in
1590 2059 1679 2148 stm-

127 2169 341 2278 pliciores.
397 2169 503 2254 Natn
530 2187 657 2253 tectae
685 2166 839 2276 quaevis
863 2185 1167 2274 contengentes
1195 2167 1514 2252 transmutantur
1540 2171 1582 2252 in
1611 2197 1676 2278 pa·

129 2279 327 2376 ralselas,
377 2277 614 2364 adhibendo
653 2301 730 2383 pro
757 2274 873 2359 radio
897 2278 1091 2360 ordinato
1118 2274 1283 2379 primo.
1313 2273 1460 2360 lineam
1492 2278 1676 2385 quamvis

128 2405 289 2474 rectam
318 2411 412 2495 quae
440 2411 514 2496 per
550 2381 797 2470 concursum
825 2408 978 2468 conver
1006 2383 1164 2468 entium
1193 2379 1353 2468 transtra
1383 2386 1424 2468 id
1450 2385 1555 2468 adeo
1577 2386 1675 2492 quia

126 2494 359 2584 concursus
386 2493 456 2580 isse
481 2495 563 2578 boc
590 2513 714 2602 pacto
743 2490 827 2576 abit
855 2491 899 2576 in
924 2491 939 2573 i
1000 2492 1154 2584 nitunt.
1182 2491 1301 2578 lineae
1320 2509 1459 2578 autem
1480 2495 1674 2600 parallelo

127 2603 224 2690 sunt
255 2627 355 2715 quae
380 2605 431 2692 ad
458 2621 659 2729 punctum
687 2597 848 2685 infinite
873 2597 1022 2684 distans
1051 2601 1242 2686 tendunt.
1294 2599 1513 2708 Postquam
1532 2623 1671 2690 autem
1817 2629 1820 2634 ’

125 2711 351 2798 Problema
369 2711 542 2798 solvrtur
560 2713 602 2796 in
621 2709 752 2820 figura
771 2733 903 2808 nova,
933 2707 963 2792 sr
981 2733 1054 2818 per
1072 2707 1249 2797 inversas
1265 2711 1524 2816 operationes
1543 2711 1672 2806 trans-

126 2841 317 2906 mutetur
338 2821 431 2906 haec'
453 2818 584 2930 figura
610 2820 651 2902 in
670 2817 845 2928 figuram
862 2824 1058 2926 primam,
1087 2817 1304 2904 habebitur
1322 2817 1472 2905 solutio
1489 2817 1669 2927 quaesita
1784 2854 1790 2868 ·

180 2928 298 3016 Utise
324 2929 384 3015 est
408 2930 533 3013 etiarn
560 2927 643 3012 hoc
671 2925 849 3012 Lemma
875 2927 919 3011 io
945 2927 1151 3012 solutione
1178 2926 1414 3012 Sosidorum
1434 2926 1669 3026 Problema-

121 3057 232 3124 tum.
286 3037 393 3122 Nam
421 3037 587 3148 quoties
613 3037 707 3119 duae
730 3034 934 3120 sectiones
961 3035 1135 3122 Conicae
1163 3035 1409 3122 obvenerint
1437 3099 1449 3132 ,
1491 3059 1668 3144 quarum

123 3143 423 3232 intersectione
451 3145 668 3232 Problema
693 3142 794 3228 solvi
816 3141 984 3250 potest.
1024 3141 1294 3228 transmutare
1322 3145 1418 3228 lieet
1445 3168 1585 3240 earum
1613 3149 1668 3248 al,-

119 3271 356 3349 terntram,
383 3253 412 3346 fi
439 3251 684 3366 Hyperbola
712 3248 760 3335 srt
788 3251 855 3334 vel
885 3249 1094 3344 Parabola‚
1121 3251 1165 3336 in
1194 3249 1388 3358 Elsipfin=
1415 3251 1567 3338 deinde
1595 3249 1666 3342 El·

119 3359 237 3472 b'psis·
256 3359 379 3449 facile
406 3382 589 3447 mutatur
615 3362 659 3446 in
685 3358 913 3445 Circulum.
969 3357 1104 3442 Recta
1132 3358 1303 3448 item'&
1330 3359 1459 3450 sectio
1476 3361 1662 3461 Conica,

116 3469 165 3556 in
193 3465 504 3558 constructione
526 3469 748 3557 Psanorum
776 3463 1109 3562 Problematum,
1134 3489 1352 3556 vertuntur
1370 3473 1420 3556 in
1433 3471 1664 3562 Rectam&

118 3579 353 3668 Cironium.

312 3847 742 3972 nnoros'rrlo
777 3882 921 3974 xxv.
977 3875 1529 3980 Puonnunraxvn.
1592 3847 1594 3853 ’
1649 3973 1657 4005 ,

116 4167 445 4306 Trajessrriam
476 4161 724 4302 dss'crr'bere
755 4219 853 4318 qua
886 4207 979 4320 per
1018 4173 1132 4278 data
1162 4179 1247 4282 duo
1259 4179 1434 4324 panda
1452 4189 1659 4324 trarfibit

183 4311 250 4419 Θ·
275 4310 420 4454 rossus
447 4341 538 4422 tres
571 4346 790 4456 contrnget
814 4319 1028 4460 pafitione
1047 4316 1190 4423 datas.
1281 4437 1291 4482 Β
1541 4405 1544 4412 .
1610 4416 1648 4425 ,.

154 4537 233 4626 Per
250 4543 502 4633 concursum
521 4507 780 4661 tangentium
800 4550 1035 4660 quorumvis
1053 4555 1226 4658 duarum
1245 4555 1655 4658 cumseinrscem,&

113 4653 364 4765 concursum
383 4657 588 4768 tangentis
606 4659 738 4744 tertiae
756 4684 853 4744 cum
872 4661 1200 4774 recta,illa‚quae
1210 4692 1283 4776 per
1301 4669 1655 4777 punctaduodata

111 4757 321 4856 transrt‚a
353 4777 551 4851 e're'ctam
571 4767 800 4862 infinitam
821 4789 955 4877 eaque
973 4772 1152 4858 adbibita
1163 4777 1365 4885 protadio
1374 4779 1655 4884 ordinatopri·

105 4887 282 5036 mostra
331 4887 516 4963 mutetur
533 4874 1405 5073 siguumperlsemmlasaperius,infiguram
1422 4883 1654 5083 novamhsrcr
